<?xml version="1.0" encoding="UTF-8"?>
<!DOCTYPE html PUBLIC "-//W3C//DTD XHTML 1.0 Transitional//EN"
    "http://www.w3.org/TR/xhtml1/DTD/xhtml1-transitional.dtd">
<html xmlns="http://www.w3.org/1999/xhtml" xml:lang="en" lang="en">
 <head>
  <title>
</title>
<meta http-equiv="Content-Type" content="text/html;charset=utf-8" />
  <meta name='ocr-system' content='tesseract 3.04.00' />
  <meta name='ocr-capabilities' content='ocr_page ocr_carea ocr_par ocr_line ocrx_word'/>
</head>
<body>
  <div class='ocr_page' id='page_1' title='image "./mtulliiciceroni41cicegoog/mtulliiciceroni41cicegoog_0105.png"; bbox 0 0 2054 3946; ppageno 0'>
   <div class='ocr_carea' id='block_1_1' title="bbox 105 188 681 249">
    <p class='ocr_par' dir='ltr' id='par_1_1' title="bbox 105 188 681 249">
     <span class='ocr_line' id='line_1_1' title="bbox 105 188 681 249; baseline 0.002 -18"><span class='ocrx_word' id='word_1_1' title='bbox 105 194 144 249; x_wconf 74' lang='lat'>94</span> <span class='ocrx_word' id='word_1_2' title='bbox 279 210 282 217; x_wconf 93' lang='lat'><em>·</em></span> <span class='ocrx_word' id='word_1_3' title='bbox 418 188 468 233; x_wconf 75' lang='lat' dir='ltr'>nt:</span> <span class='ocrx_word' id='word_1_4' title='bbox 492 188 681 235; x_wconf 71' lang='lat' dir='ltr'>osrtctrs.</span> 
     </span>
    </p>
   </div>
   <div class='ocr_carea' id='block_1_2' title="bbox 41 296 1007 2656">
    <p class='ocr_par' dir='ltr' id='par_1_2' title="bbox 41 296 981 910">
     <span class='ocr_line' id='line_1_2' title="bbox 104 296 980 373; baseline 0.005 -20"><span class='ocrx_word' id='word_1_5' title='bbox 104 299 280 373; x_wconf 85' lang='lat' dir='ltr'>putabantur.</span> <span class='ocrx_word' id='word_1_6' title='bbox 337 296 431 353; x_wconf 83' lang='lat' dir='ltr'>Sonus</span> <span class='ocrx_word' id='word_1_7' title='bbox 465 309 525 354; x_wconf 86' lang='lat' dir='ltr'>erat</span> <span class='ocrx_word' id='word_1_8' title='bbox 558 296 668 363; x_wconf 89' lang='lat' dir='ltr'>dulcis;</span> <span class='ocrx_word' id='word_1_9' title='bbox 701 296 792 355; x_wconf 74' lang='lat' dir='ltr'>literae</span> <span class='ocrx_word' id='word_1_10' title='bbox 817 316 914 371; x_wconf 78' lang='lat' dir='ltr'>neque</span> <span class='ocrx_word' id='word_1_11' title='bbox 935 316 980 357; x_wconf 62' lang='lat' dir='ltr'>ex*</span> 
     </span>
     <span class='ocr_line' id='line_1_3' title="bbox 104 376 980 453; baseline 0.002 -20"><span class='ocrx_word' id='word_1_12' title='bbox 104 395 220 452; x_wconf 78' lang='lat' dir='ltr'>pressa,</span> <span class='ocrx_word' id='word_1_13' title='bbox 242 397 279 434; x_wconf 93' lang='lat' dir='ltr'>ne</span> <span class='ocrx_word' id='word_1_14' title='bbox 301 387 349 433; x_wconf 84' lang='lat' dir='ltr'>aut</span> <span class='ocrx_word' id='word_1_15' title='bbox 372 378 524 433; x_wconf 89' lang='lat' dir='ltr'>obscurum</span> <span class='ocrx_word' id='word_1_16' title='bbox 549 387 627 433; x_wconf 88' lang='lat' dir='ltr'>esset</span> <span class='ocrx_word' id='word_1_17' title='bbox 646 386 694 433; x_wconf 83' lang='lat' dir='ltr'>sut</span> <span class='ocrx_word' id='word_1_18' title='bbox 712 377 875 453; x_wconf 72' lang='lat' dir='ltr'>putidum*</span> <span class='ocrx_word' id='word_1_19' title='bbox 916 376 980 435; x_wconf 86' lang='lat' dir='ltr'>Sine</span> 
     </span>
     <span class='ocr_line' id='line_1_4' title="bbox 104 456 980 532; baseline 0.003 -20"><span class='ocrx_word' id='word_1_20' title='bbox 104 458 284 513; x_wconf 79' lang='lat' dir='ltr'>contentione</span> <span class='ocrx_word' id='word_1_21' title='bbox 305 475 372 521; x_wconf 87' lang='lat' dir='ltr'>vox,</span> <span class='ocrx_word' id='word_1_22' title='bbox 387 475 442 512; x_wconf 90' lang='lat' dir='ltr'>nec</span> <span class='ocrx_word' id='word_1_23' title='bbox 463 456 613 532; x_wconf 85' lang='lat' dir='ltr'>languens,</span> <span class='ocrx_word' id='word_1_24' title='bbox 631 476 685 513; x_wconf 87' lang='lat' dir='ltr'>uec</span> <span class='ocrx_word' id='word_1_25' title='bbox 708 475 822 513; x_wconf 75' lang='lat' dir='ltr'>canora.</span> <span class='ocrx_word' id='word_1_26' title='bbox 865 456 980 515; x_wconf 78' lang='lat' dir='ltr'>Uberior</span> 
     </span>
     <span class='ocr_line' id='line_1_5' title="bbox 41 534 980 609; baseline 0.004 -18"><span class='ocrx_word' id='word_1_27' title='bbox 41 552 43 557; x_wconf 91' lang='lat'>·</span> <span class='ocrx_word' id='word_1_28' title='bbox 104 538 195 592; x_wconf 89' lang='lat' dir='ltr'>oratio</span> <span class='ocrx_word' id='word_1_29' title='bbox 208 536 243 592; x_wconf 87' lang='lat' dir='ltr'>L.</span> <span class='ocrx_word' id='word_1_30' title='bbox 259 536 369 599; x_wconf 83' lang='lat' dir='ltr'>Crassi,</span> <span class='ocrx_word' id='word_1_31' title='bbox 383 555 437 592; x_wconf 91' lang='lat' dir='ltr'>nec</span> <span class='ocrx_word' id='word_1_32' title='bbox 450 537 546 592; x_wconf 90' lang='lat' dir='ltr'>minus</span> <span class='ocrx_word' id='word_1_33' title='bbox 559 535 669 592; x_wconf 78' lang='lat' dir='ltr'>faceta:</span> <span class='ocrx_word' id='word_1_34' title='bbox 698 534 749 592; x_wconf 87' lang='lat' dir='ltr'>sed</span> <span class='ocrx_word' id='word_1_35' title='bbox 762 537 838 593; x_wconf 83' lang='lat' dir='ltr'>bene</span> <span class='ocrx_word' id='word_1_36' title='bbox 850 534 980 609; x_wconf 87' lang='lat' dir='ltr'>loquendi</span> 
     </span>
     <span class='ocr_line' id='line_1_6' title="bbox 104 614 980 689; baseline 0.003 -19"><span class='ocrx_word' id='word_1_37' title='bbox 104 614 139 671; x_wconf 90' lang='lat' dir='ltr'>de</span> <span class='ocrx_word' id='word_1_38' title='bbox 162 615 271 671; x_wconf 84' lang='lat' dir='ltr'>Catulis</span> <span class='ocrx_word' id='word_1_39' title='bbox 293 616 390 689; x_wconf 86' lang='lat' dir='ltr'>opinio</span> <span class='ocrx_word' id='word_1_40' title='bbox 417 633 474 671; x_wconf 90' lang='lat' dir='ltr'>nou</span> <span class='ocrx_word' id='word_1_41' title='bbox 498 616 603 671; x_wconf 87' lang='lat' dir='ltr'>minor.</span> <span class='ocrx_word' id='word_1_42' title='bbox 643 615 709 671; x_wconf 85' lang='lat' dir='ltr'>Sale</span> <span class='ocrx_word' id='word_1_43' title='bbox 731 634 801 671; x_wconf 87' lang='lat' dir='ltr'>vero</span> <span class='ocrx_word' id='word_1_44' title='bbox 820 624 851 671; x_wconf 82' lang='lat' dir='ltr'>et</span> <span class='ocrx_word' id='word_1_45' title='bbox 877 616 980 675; x_wconf 78' lang='lat' dir='ltr'>facetiis</span> 
     </span>
     <span class='ocr_line' id='line_1_7' title="bbox 106 693 981 771; baseline 0.003 -21"><span class='ocrx_word' id='word_1_46' title='bbox 106 693 214 761; x_wconf 73' lang='lat' dir='ltr'>Ceasar,</span> <span class='ocrx_word' id='word_1_47' title='bbox 236 694 331 751; x_wconf 82' lang='lat' dir='ltr'>Catuli</span> <span class='ocrx_word' id='word_1_48' title='bbox 357 695 444 769; x_wconf 86' lang='lat' dir='ltr'>patris</span> <span class='ocrx_word' id='word_1_49' title='bbox 468 694 577 760; x_wconf 80' lang='lat' dir='ltr'>frater‚†</span> <span class='ocrx_word' id='word_1_50' title='bbox 600 695 668 751; x_wconf 85' lang='lat' dir='ltr'>vicit</span> <span class='ocrx_word' id='word_1_51' title='bbox 694 713 805 760; x_wconf 87' lang='lat' dir='ltr'>omnes,</span> <span class='ocrx_word' id='word_1_52' title='bbox 819 704 856 751; x_wconf 85' lang='lat' dir='ltr'>ut</span> <span class='ocrx_word' id='word_1_53' title='bbox 873 694 903 753; x_wconf 91' lang='lat' dir='ltr'>in</span> <span class='ocrx_word' id='word_1_54' title='bbox 922 695 981 771; x_wconf 83' lang='lat' dir='ltr'>ipsu</span> 
     </span>
     <span class='ocr_line' id='line_1_8' title="bbox 59 772 981 848; baseline 0.003 -19"><span class='ocrx_word' id='word_1_55' title='bbox 59 786 64 793; x_wconf 81' lang='grc'>’</span> <span class='ocrx_word' id='word_1_56' title='bbox 105 774 154 830; x_wconf 95' lang='lat' dir='ltr'>illo</span> <span class='ocrx_word' id='word_1_57' title='bbox 178 774 286 831; x_wconf 85' lang='lat' dir='ltr'>forensi</span> <span class='ocrx_word' id='word_1_58' title='bbox 314 792 416 848; x_wconf 86' lang='lat' dir='ltr'>genere</span> <span class='ocrx_word' id='word_1_59' title='bbox 435 772 548 830; x_wconf 91' lang='lat' dir='ltr'>dicendi</span> <span class='ocrx_word' id='word_1_60' title='bbox 572 772 769 830; x_wconf 86' lang='lat' dir='ltr'>contentiones</span> <span class='ocrx_word' id='word_1_61' title='bbox 793 773 915 831; x_wconf 85' lang='lat' dir='ltr'>aliorum</span> <span class='ocrx_word' id='word_1_62' title='bbox 930 792 981 831; x_wconf 79' lang='lat' dir='ltr'>ser·</span> 
     </span>
     <span class='ocr_line' id='line_1_9' title="bbox 105 855 340 910; baseline -0.004 -1"><span class='ocrx_word' id='word_1_63' title='bbox 105 872 189 909; x_wconf 89' lang='lat' dir='ltr'>mone</span> <span class='ocrx_word' id='word_1_64' title='bbox 206 855 340 910; x_wconf 87' lang='lat' dir='ltr'>uinceret.</span> 
     </span>
    </p>

    <p class='ocr_par' dir='ltr' id='par_1_3' title="bbox 103 930 983 1957">
     <span class='ocr_line' id='line_1_10' title="bbox 144 930 981 1007; baseline 0 -18"><span class='ocrx_word' id='word_1_65' title='bbox 144 932 177 989; x_wconf 86' lang='lat' dir='ltr'>ln</span> <span class='ocrx_word' id='word_1_66' title='bbox 199 934 332 990; x_wconf 89' lang='lat' dir='ltr'>omuibus</span> <span class='ocrx_word' id='word_1_67' title='bbox 354 932 438 1007; x_wconf 87' lang='lat' dir='ltr'>igitur</span> <span class='ocrx_word' id='word_1_68' title='bbox 458 932 505 987; x_wconf 88' lang='lat' dir='ltr'>his</span> <span class='ocrx_word' id='word_1_69' title='bbox 525 931 727 989; x_wconf 87' lang='lat' dir='ltr'>elaborandum</span> <span class='ocrx_word' id='word_1_70' title='bbox 748 940 802 997; x_wconf 84' lang='lat' dir='ltr'>est,</span> <span class='ocrx_word' id='word_1_71' title='bbox 818 932 891 991; x_wconf 86' lang='lat' dir='ltr'>siin</span> <span class='ocrx_word' id='word_1_72' title='bbox 909 930 981 989; x_wconf 86' lang='lat' dir='ltr'>omni</span> 
     </span>
     <span class='ocr_line' id='line_1_11' title="bbox 104 1011 982 1087; baseline 0.001 -19"><span class='ocrx_word' id='word_1_73' title='bbox 104 1031 145 1079; x_wconf 88' lang='lat' dir='ltr'>re,</span> <span class='ocrx_word' id='word_1_74' title='bbox 161 1013 229 1084; x_wconf 92' lang='lat' dir='ltr'>quid</span> <span class='ocrx_word' id='word_1_75' title='bbox 250 1011 357 1078; x_wconf 88' lang='lat' dir='ltr'>deceat,</span> <span class='ocrx_word' id='word_1_76' title='bbox 377 1012 564 1083; x_wconf 84' lang='lat' dir='ltr'>exquirimus.</span> <span class='ocrx_word' id='word_1_77' title='bbox 608 1012 653 1068; x_wconf 87' lang='lat' dir='ltr'>Sit</span> <span class='ocrx_word' id='word_1_78' title='bbox 674 1030 742 1087; x_wconf 84' lang='lat' dir='ltr'>ergo</span> <span class='ocrx_word' id='word_1_79' title='bbox 764 1011 811 1067; x_wconf 90' lang='lat' dir='ltr'>hie</span> <span class='ocrx_word' id='word_1_80' title='bbox 832 1030 937 1077; x_wconf 85' lang='lat' dir='ltr'>sermo,</span> <span class='ocrx_word' id='word_1_81' title='bbox 956 1012 982 1071; x_wconf 86' lang='lat' dir='ltr'>in</span> 
     </span>
     <span class='ocr_line' id='line_1_12' title="bbox 104 1091 982 1167; baseline 0 -20"><span class='ocrx_word' id='word_1_82' title='bbox 104 1111 161 1162; x_wconf 91' lang='lat' dir='ltr'>quo</span> <span class='ocrx_word' id='word_1_83' title='bbox 176 1091 314 1148; x_wconf 81' lang='lat' dir='ltr'>Socratici</span> <span class='ocrx_word' id='word_1_84' title='bbox 328 1093 456 1147; x_wconf 80' lang='lat' dir='ltr'>maxime</span> <span class='ocrx_word' id='word_1_85' title='bbox 467 1091 620 1157; x_wconf 86' lang='lat' dir='ltr'>excellunt,</span> <span class='ocrx_word' id='word_1_86' title='bbox 635 1092 710 1147; x_wconf 88' lang='lat' dir='ltr'>leuis</span> <span class='ocrx_word' id='word_1_87' title='bbox 729 1091 909 1163; x_wconf 82' lang='lat' dir='ltr'>minimeque</span> <span class='ocrx_word' id='word_1_88' title='bbox 928 1108 982 1167; x_wconf 83' lang='lat' dir='ltr'>per·</span> 
     </span>
     <span class='ocr_line' id='line_1_13' title="bbox 104 1170 982 1245; baseline 0.002 -19"><span class='ocrx_word' id='word_1_89' title='bbox 104 1172 201 1227; x_wconf 88' lang='lat' dir='ltr'>tinax:</span> <span class='ocrx_word' id='word_1_90' title='bbox 224 1171 292 1227; x_wconf 89' lang='lat' dir='ltr'>insit</span> <span class='ocrx_word' id='word_1_91' title='bbox 306 1172 336 1227; x_wconf 90' lang='lat' dir='ltr'>iu</span> <span class='ocrx_word' id='word_1_92' title='bbox 350 1190 384 1228; x_wconf 92' lang='lat' dir='ltr'>eo</span> <span class='ocrx_word' id='word_1_93' title='bbox 398 1172 489 1245; x_wconf 92' lang='lat' dir='ltr'>lepos.</span> <span class='ocrx_word' id='word_1_94' title='bbox 535 1171 599 1227; x_wconf 88' lang='lat' dir='ltr'>Nec</span> <span class='ocrx_word' id='word_1_95' title='bbox 615 1190 691 1236; x_wconf 87' lang='lat' dir='ltr'>vero,</span> <span class='ocrx_word' id='word_1_96' title='bbox 706 1179 852 1241; x_wconf 86' lang='lat' dir='ltr'>tamquam</span> <span class='ocrx_word' id='word_1_97' title='bbox 874 1170 906 1227; x_wconf 91' lang='lat' dir='ltr'>in</span> <span class='ocrx_word' id='word_1_98' title='bbox 925 1188 982 1245; x_wconf 79' lang='lat' dir='ltr'>pos·</span> 
     </span>
     <span class='ocr_line' id='line_1_14' title="bbox 104 1248 982 1317; baseline 0.001 -11"><span class='ocrx_word' id='word_1_99' title='bbox 104 1251 265 1307; x_wconf 81' lang='lat' dir='ltr'>sessionem</span> <span class='ocrx_word' id='word_1_100' title='bbox 285 1269 365 1307; x_wconf 84' lang='lat' dir='ltr'>suam</span> <span class='ocrx_word' id='word_1_101' title='bbox 379 1250 499 1317; x_wconf 76' lang='lat' dir='ltr'>venerit,</span> <span class='ocrx_word' id='word_1_102' title='bbox 513 1250 644 1307; x_wconf 83' lang='lat' dir='ltr'>excludat</span> <span class='ocrx_word' id='word_1_103' title='bbox 664 1250 751 1306; x_wconf 88' lang='lat' dir='ltr'>alios:</span> <span class='ocrx_word' id='word_1_104' title='bbox 773 1248 826 1306; x_wconf 89' lang='lat' dir='ltr'>sed</span> <span class='ocrx_word' id='word_1_105' title='bbox 839 1268 907 1307; x_wconf 87' lang='lat' dir='ltr'>cum</span> <span class='ocrx_word' id='word_1_106' title='bbox 926 1248 982 1307; x_wconf 84' lang='lat' dir='ltr'>reli·</span> 
     </span>
     <span class='ocr_line' id='line_1_15' title="bbox 105 1328 982 1402; baseline 0.001 -16"><span class='ocrx_word' id='word_1_107' title='bbox 105 1331 170 1402; x_wconf 90' lang='lat' dir='ltr'>quis</span> <span class='ocrx_word' id='word_1_108' title='bbox 185 1331 214 1386; x_wconf 93' lang='lat' dir='ltr'>in</span> <span class='ocrx_word' id='word_1_109' title='bbox 228 1331 320 1396; x_wconf 84' lang='lat' dir='ltr'>rebus,</span> <span class='ocrx_word' id='word_1_110' title='bbox 332 1339 390 1385; x_wconf 87' lang='lat' dir='ltr'>tum</span> <span class='ocrx_word' id='word_1_111' title='bbox 406 1330 435 1386; x_wconf 89' lang='lat' dir='ltr'>in</span> <span class='ocrx_word' id='word_1_112' title='bbox 448 1348 579 1386; x_wconf 86' lang='lat' dir='ltr'>sermone</span> <span class='ocrx_word' id='word_1_113' title='bbox 594 1329 748 1394; x_wconf 86' lang='lat' dir='ltr'>communi,</span> <span class='ocrx_word' id='word_1_114' title='bbox 762 1328 982 1387; x_wconf 82' lang='lat' dir='ltr'>vicissitudinem</span> 
     </span>
     <span class='ocr_line' id='line_1_16' title="bbox 104 1406 982 1483; baseline -0.001 -16"><span class='ocrx_word' id='word_1_115' title='bbox 104 1429 162 1467; x_wconf 93' lang='lat' dir='ltr'>uon</span> <span class='ocrx_word' id='word_1_116' title='bbox 185 1410 312 1481; x_wconf 87' lang='lat' dir='ltr'>iniquam</span> <span class='ocrx_word' id='word_1_117' title='bbox 337 1418 425 1483; x_wconf 88' lang='lat' dir='ltr'>putet.</span> <span class='ocrx_word' id='word_1_118' title='bbox 467 1411 510 1466; x_wconf 86' lang='lat' dir='ltr'>Ac</span> <span class='ocrx_word' id='word_1_119' title='bbox 532 1408 627 1465; x_wconf 81' lang='lat' dir='ltr'>videat</span> <span class='ocrx_word' id='word_1_120' title='bbox 645 1409 675 1464; x_wconf 93' lang='lat' dir='ltr'>in</span> <span class='ocrx_word' id='word_1_121' title='bbox 696 1408 811 1483; x_wconf 78' lang='lat' dir='ltr'>primis,</span> <span class='ocrx_word' id='word_1_122' title='bbox 829 1406 982 1481; x_wconf 74' lang='lat' dir='ltr'>quibusda</span> 
     </span>
     <span class='ocr_line' id='line_1_17' title="bbox 103 1487 983 1565; baseline -0.001 -19"><span class='ocrx_word' id='word_1_123' title='bbox 103 1491 190 1546; x_wconf 85' lang='lat' dir='ltr'>rebus</span> <span class='ocrx_word' id='word_1_124' title='bbox 209 1489 354 1560; x_wconf 88' lang='lat' dir='ltr'>loquatur:</span> <span class='ocrx_word' id='word_1_125' title='bbox 378 1489 402 1544; x_wconf 91' lang='lat' dir='ltr'>si</span> <span class='ocrx_word' id='word_1_126' title='bbox 420 1490 513 1554; x_wconf 81' lang='lat' dir='ltr'>seriis,</span> <span class='ocrx_word' id='word_1_127' title='bbox 528 1489 710 1545; x_wconf 83' lang='lat' dir='ltr'>severitatem</span> <span class='ocrx_word' id='word_1_128' title='bbox 729 1487 886 1547; x_wconf 80' lang='lat' dir='ltr'>adhibeat:</span> <span class='ocrx_word' id='word_1_129' title='bbox 904 1488 930 1545; x_wconf 83' lang='lat' dir='ltr'>si</span> <span class='ocrx_word' id='word_1_130' title='bbox 943 1488 983 1565; x_wconf 86' lang='lat' dir='ltr'>jo·</span> 
     </span>
     <span class='ocr_line' id='line_1_18' title="bbox 104 1567 982 1644; baseline 0.001 -20"><span class='ocrx_word' id='word_1_131' title='bbox 104 1569 191 1635; x_wconf 78' lang='lat' dir='ltr'>cosia,</span> <span class='ocrx_word' id='word_1_132' title='bbox 214 1568 351 1644; x_wconf 86' lang='lat' dir='ltr'>leporem.</span> <span class='ocrx_word' id='word_1_133' title='bbox 403 1567 437 1624; x_wconf 91' lang='lat' dir='ltr'>In</span> <span class='ocrx_word' id='word_1_134' title='bbox 465 1569 624 1642; x_wconf 87' lang='lat' dir='ltr'>primisque</span> <span class='ocrx_word' id='word_1_135' title='bbox 651 1567 809 1644; x_wconf 82' lang='lat' dir='ltr'>provideat,</span> <span class='ocrx_word' id='word_1_136' title='bbox 830 1586 870 1627; x_wconf 84' lang='lat' dir='ltr'>ne</span> <span class='ocrx_word' id='word_1_137' title='bbox 896 1584 982 1625; x_wconf 68' lang='lat' dir='ltr'>sumo</span> 
     </span>
     <span class='ocr_line' id='line_1_19' title="bbox 103 1644 983 1721; baseline 0.002 -18"><span class='ocrx_word' id='word_1_138' title='bbox 103 1648 205 1704; x_wconf 81' lang='lat' dir='ltr'>vitium</span> <span class='ocrx_word' id='word_1_139' title='bbox 240 1646 365 1718; x_wconf 87' lang='lat' dir='ltr'>aliquod·</span> <span class='ocrx_word' id='word_1_140' title='bbox 391 1646 496 1703; x_wconf 89' lang='lat' dir='ltr'>indicet</span> <span class='ocrx_word' id='word_1_141' title='bbox 531 1648 625 1703; x_wconf 87' lang='lat' dir='ltr'>inesse</span> <span class='ocrx_word' id='word_1_142' title='bbox 660 1648 688 1704; x_wconf 91' lang='lat' dir='ltr'>in</span> <span class='ocrx_word' id='word_1_143' title='bbox 725 1648 874 1705; x_wconf 83' lang='lat' dir='ltr'>moribus:</span> <span class='ocrx_word' id='word_1_144' title='bbox 914 1644 983 1721; x_wconf 88' lang='lat' dir='ltr'>quod</span> 
     </span>
     <span class='ocr_line' id='line_1_20' title="bbox 104 1726 982 1796; baseline 0 -13"><span class='ocrx_word' id='word_1_145' title='bbox 104 1727 230 1783; x_wconf 87' lang='lat' dir='ltr'>maxime</span> <span class='ocrx_word' id='word_1_146' title='bbox 251 1736 310 1783; x_wconf 91' lang='lat' dir='ltr'>tum</span> <span class='ocrx_word' id='word_1_147' title='bbox 332 1727 406 1783; x_wconf 90' lang='lat' dir='ltr'>solet</span> <span class='ocrx_word' id='word_1_148' title='bbox 429 1727 554 1796; x_wconf 88' lang='lat' dir='ltr'>evenire,</span> <span class='ocrx_word' id='word_1_149' title='bbox 569 1746 635 1783; x_wconf 88' lang='lat' dir='ltr'>curn</span> <span class='ocrx_word' id='word_1_150' title='bbox 656 1727 783 1785; x_wconf 82' lang='lat' dir='ltr'>studiose</span> <span class='ocrx_word' id='word_1_151' title='bbox 805 1726 843 1785; x_wconf 85' lang='lat' dir='ltr'>de</span> <span class='ocrx_word' id='word_1_152' title='bbox 869 1726 982 1785; x_wconf 78' lang='lat' dir='ltr'>sbseuti·</span> 
     </span>
     <span class='ocr_line' id='line_1_21' title="bbox 104 1805 982 1881; baseline 0.001 -19"><span class='ocrx_word' id='word_1_153' title='bbox 104 1807 157 1862; x_wconf 89' lang='lat' dir='ltr'>bus</span> <span class='ocrx_word' id='word_1_154' title='bbox 182 1805 348 1863; x_wconf 85' lang='lat' dir='ltr'>detrahendi</span> <span class='ocrx_word' id='word_1_155' title='bbox 368 1825 464 1872; x_wconf 86' lang='lat' dir='ltr'>causa,</span> <span class='ocrx_word' id='word_1_156' title='bbox 479 1817 526 1861; x_wconf 89' lang='lat' dir='ltr'>aut</span> <span class='ocrx_word' id='word_1_157' title='bbox 551 1825 602 1881; x_wconf 88' lang='lat' dir='ltr'>per</span> <span class='ocrx_word' id='word_1_158' title='bbox 626 1806 790 1876; x_wconf 88' lang='lat' dir='ltr'>ridiculum,</span> <span class='ocrx_word' id='word_1_159' title='bbox 805 1816 856 1864; x_wconf 80' lang='lat' dir='ltr'>sut</span> <span class='ocrx_word' id='word_1_160' title='bbox 880 1822 982 1873; x_wconf 79' lang='lat' dir='ltr'>severe,</span> 
     </span>
     <span class='ocr_line' id='line_1_22' title="bbox 105 1884 650 1957; baseline 0.002 -16"><span class='ocrx_word' id='word_1_161' title='bbox 105 1884 244 1942; x_wconf 85' lang='lat' dir='ltr'>maledice</span> <span class='ocrx_word' id='word_1_162' title='bbox 259 1886 522 1957; x_wconf 89' lang='lat' dir='ltr'>contumelioseque</span> <span class='ocrx_word' id='word_1_163' title='bbox 536 1885 650 1942; x_wconf 85' lang='lat' dir='ltr'>dicitur.</span> 
     </span>
    </p>

    <p class='ocr_par' dir='ltr' id='par_1_4' title="bbox 104 1964 1007 2656">
     <span class='ocr_line' id='line_1_23' title="bbox 145 1964 982 2040; baseline 0.001 -20"><span class='ocrx_word' id='word_1_164' title='bbox 145 1964 295 2021; x_wconf 82' lang='lat' dir='ltr'>Habentur</span> <span class='ocrx_word' id='word_1_165' title='bbox 307 1976 400 2021; x_wconf 88' lang='lat' dir='ltr'>autem</span> <span class='ocrx_word' id='word_1_166' title='bbox 416 1965 584 2040; x_wconf 91' lang='lat' dir='ltr'>plerumque</span> <span class='ocrx_word' id='word_1_167' title='bbox 599 1983 746 2021; x_wconf 84' lang='lat' dir='ltr'>sermones</span> <span class='ocrx_word' id='word_1_168' title='bbox 760 1974 809 2021; x_wconf 83' lang='lat' dir='ltr'>aut</span> <span class='ocrx_word' id='word_1_169' title='bbox 822 1964 861 2022; x_wconf 87' lang='lat' dir='ltr'>de</span> <span class='ocrx_word' id='word_1_170' title='bbox 879 1964 982 2023; x_wconf 79' lang='lat' dir='ltr'>domet·</span> 
     </span>
     <span class='ocr_line' id='line_1_24' title="bbox 105 2042 981 2119; baseline 0.002 -20"><span class='ocrx_word' id='word_1_171' title='bbox 105 2044 170 2100; x_wconf 85' lang='lat' dir='ltr'>ticis</span> <span class='ocrx_word' id='word_1_172' title='bbox 194 2045 326 2119; x_wconf 65' lang='lat' dir='ltr'>negotiu,</span> <span class='ocrx_word' id='word_1_173' title='bbox 342 2053 390 2100; x_wconf 86' lang='lat' dir='ltr'>aut</span> <span class='ocrx_word' id='word_1_174' title='bbox 410 2044 444 2100; x_wconf 90' lang='lat' dir='ltr'>dc</span> <span class='ocrx_word' id='word_1_175' title='bbox 466 2046 623 2119; x_wconf 79' lang='lat' dir='ltr'>republica,</span> <span class='ocrx_word' id='word_1_176' title='bbox 637 2056 684 2101; x_wconf 85' lang='lat' dir='ltr'>aut</span> <span class='ocrx_word' id='word_1_177' title='bbox 703 2043 739 2099; x_wconf 92' lang='lat' dir='ltr'>de</span> <span class='ocrx_word' id='word_1_178' title='bbox 759 2046 865 2103; x_wconf 74' lang='lat' dir='ltr'>artirun</span> <span class='ocrx_word' id='word_1_179' title='bbox 889 2042 981 2101; x_wconf 80' lang='lat' dir='ltr'>studiis</span> 
     </span>
     <span class='ocr_line' id='line_1_25' title="bbox 105 2122 982 2199; baseline 0.003 -21"><span class='ocrx_word' id='word_1_180' title='bbox 105 2133 188 2194; x_wconf 84' lang='lat' dir='ltr'>atque</span> <span class='ocrx_word' id='word_1_181' title='bbox 215 2123 352 2181; x_wconf 86' lang='lat' dir='ltr'>doctrina.</span> <span class='ocrx_word' id='word_1_182' title='bbox 393 2123 494 2180; x_wconf 85' lang='lat' dir='ltr'>Danda</span> <span class='ocrx_word' id='word_1_183' title='bbox 516 2125 603 2199; x_wconf 76' lang='lat' dir='ltr'>igitur</span> <span class='ocrx_word' id='word_1_184' title='bbox 623 2143 709 2199; x_wconf 87' lang='lat' dir='ltr'>opera</span> <span class='ocrx_word' id='word_1_185' title='bbox 731 2133 785 2186; x_wconf 84' lang='lat' dir='ltr'>est.</span> <span class='ocrx_word' id='word_1_186' title='bbox 803 2136 837 2181; x_wconf 93' lang='lat' dir='ltr'>ut</span> <span class='ocrx_word' id='word_1_187' title='bbox 859 2122 982 2181; x_wconf 81' lang='lat' dir='ltr'>etiamsi</span> 
     </span>
     <span class='ocr_line' id='line_1_26' title="bbox 105 2202 1007 2275; baseline 0.008 -17"><span class='ocrx_word' id='word_1_188' title='bbox 105 2203 233 2258; x_wconf 80' lang='lat' dir='ltr'>aberrare</span> <span class='ocrx_word' id='word_1_189' title='bbox 261 2203 295 2258; x_wconf 88' lang='lat' dir='ltr'>ad</span> <span class='ocrx_word' id='word_1_190' title='bbox 322 2204 377 2260; x_wconf 80' lang='lat' dir='ltr'>ulia</span> <span class='ocrx_word' id='word_1_191' title='bbox 404 2203 531 2275; x_wconf 65' lang='lat' dir='ltr'>coeperit,</span> <span class='ocrx_word' id='word_1_192' title='bbox 555 2203 589 2258; x_wconf 86' lang='lat' dir='ltr'>ad</span> <span class='ocrx_word' id='word_1_193' title='bbox 619 2203 679 2259; x_wconf 76' lang='lat' dir='ltr'>liaec</span> <span class='ocrx_word' id='word_1_194' title='bbox 712 2213 863 2261; x_wconf 84' lang='lat' dir='ltr'>revocetur</span> <span class='ocrx_word' id='word_1_195' title='bbox 889 2202 1007 2265; x_wconf 82' lang='lat' dir='ltr'>oratio..</span> 
     </span>
     <span class='ocr_line' id='line_1_27' title="bbox 105 2280 984 2358; baseline 0.002 -21"><span class='ocrx_word' id='word_1_196' title='bbox 105 2281 163 2337; x_wconf 82' lang='lat' dir='ltr'>Sed</span> <span class='ocrx_word' id='word_1_197' title='bbox 188 2291 344 2356; x_wconf 87' lang='lat' dir='ltr'>utcumque</span> <span class='ocrx_word' id='word_1_198' title='bbox 366 2281 510 2354; x_wconf 68' lang='lat' dir='ltr'>aderuntss</span> <span class='ocrx_word' id='word_1_199' title='bbox 536 2281 741 2358; x_wconf 87' lang='lat' dir='ltr'>(nequeenim</span> <span class='ocrx_word' id='word_1_200' title='bbox 765 2301 867 2340; x_wconf 90' lang='lat' dir='ltr'>omues</span> <span class='ocrx_word' id='word_1_201' title='bbox 888 2280 984 2341; x_wconf 80' lang='lat' dir='ltr'>iisdem</span> 
     </span>
     <span class='ocr_line' id='line_1_28' title="bbox 104 2356 983 2437; baseline 0.001 -21"><span class='ocrx_word' id='word_1_202' title='bbox 104 2360 248 2426; x_wconf 86' lang='lat' dir='ltr'>derebus,</span> <span class='ocrx_word' id='word_1_203' title='bbox 266 2380 318 2417; x_wconf 91' lang='lat' dir='ltr'>nec</span> <span class='ocrx_word' id='word_1_204' title='bbox 331 2362 409 2418; x_wconf 92' lang='lat' dir='ltr'>omni</span> <span class='ocrx_word' id='word_1_205' title='bbox 425 2371 563 2435; x_wconf 89' lang='lat' dir='ltr'>tempore,</span> <span class='ocrx_word' id='word_1_206' title='bbox 580 2381 634 2418; x_wconf 90' lang='lat' dir='ltr'>uec</span> <span class='ocrx_word' id='word_1_207' title='bbox 653 2362 785 2417; x_wconf 86' lang='lat' dir='ltr'>similiter</span> <span class='ocrx_word' id='word_1_208' title='bbox 803 2356 983 2437; x_wconf 75' lang='lat' dir='ltr'>delectamur)</span> 
     </span>
     <span class='ocr_line' id='line_1_29' title="bbox 105 2439 983 2512; baseline 0.001 -16"><span class='ocrx_word' id='word_1_209' title='bbox 105 2439 385 2496; x_wconf 83' lang='lat' dir='ltr'>animadvertendum</span> <span class='ocrx_word' id='word_1_210' title='bbox 405 2450 449 2496; x_wconf 90' lang='lat' dir='ltr'>est</span> <span class='ocrx_word' id='word_1_211' title='bbox 469 2441 564 2506; x_wconf 87' lang='lat' dir='ltr'>etiam,</span> <span class='ocrx_word' id='word_1_212' title='bbox 586 2452 724 2512; x_wconf 89' lang='lat' dir='ltr'>quatenus</span> <span class='ocrx_word' id='word_1_213' title='bbox 749 2459 845 2497; x_wconf 85' lang='lat' dir='ltr'>sermo</span> <span class='ocrx_word' id='word_1_214' title='bbox 871 2441 983 2499; x_wconf 78' lang='lat' dir='ltr'>delectu·</span> 
     </span>
     <span class='ocr_line' id='line_1_30' title="bbox 104 2518 984 2595; baseline 0 -20"><span class='ocrx_word' id='word_1_215' title='bbox 104 2521 210 2576; x_wconf 92' lang='lat' dir='ltr'>tionem</span> <span class='ocrx_word' id='word_1_216' title='bbox 240 2519 357 2575; x_wconf 87' lang='lat' dir='ltr'>habeat:</span> <span class='ocrx_word' id='word_1_217' title='bbox 387 2531 424 2586; x_wconf 89' lang='lat' dir='ltr'>et,</span> <span class='ocrx_word' id='word_1_218' title='bbox 445 2530 476 2576; x_wconf 89' lang='lat' dir='ltr'>ut</span> <span class='ocrx_word' id='word_1_219' title='bbox 502 2521 659 2595; x_wconf 88' lang='lat' dir='ltr'>incipiendi</span> <span class='ocrx_word' id='word_1_220' title='bbox 683 2520 754 2576; x_wconf 87' lang='lat' dir='ltr'>ratio</span> <span class='ocrx_word' id='word_1_221' title='bbox 777 2521 873 2587; x_wconf 83' lang='lat' dir='ltr'>fuerit,</span> <span class='ocrx_word' id='word_1_222' title='bbox 896 2521 936 2577; x_wconf 83' lang='lat' dir='ltr'>ita</span> <span class='ocrx_word' id='word_1_223' title='bbox 952 2518 984 2575; x_wconf 86' lang='lat' dir='ltr'>sil</span> 
     </span>
     <span class='ocr_line' id='line_1_31' title="bbox 104 2598 379 2656; baseline -0.004 -1"><span class='ocrx_word' id='word_1_224' title='bbox 104 2598 254 2656; x_wconf 87' lang='lat' dir='ltr'>desinendi</span> <span class='ocrx_word' id='word_1_225' title='bbox 268 2599 379 2655; x_wconf 86' lang='lat' dir='ltr'>modus.</span> 
     </span>
    </p>
   </div>
   <div class='ocr_carea' id='block_1_3' title="bbox 104 2738 986 3169">
    <p class='ocr_par' dir='ltr' id='par_1_5' title="bbox 104 2738 985 2943">
     <span class='ocr_line' id='line_1_32' title="bbox 139 2738 985 2794; baseline -0.001 -10"><span class='ocrx_word' id='word_1_226' title='bbox 139 2746 151 2772; x_wconf 69' lang='lat'>⁸</span> <span class='ocrx_word' id='word_1_227' title='bbox 164 2741 200 2784; x_wconf 89' lang='lat' dir='ltr'>Ne</span> <span class='ocrx_word' id='word_1_228' title='bbox 210 2739 411 2794; x_wconf 69' lang='lat' dir='ltr'>mat—miliduni.</span> <span class='ocrx_word' id='word_1_229' title='bbox 444 2741 466 2783; x_wconf 80' lang='lat' dir='ltr'>A</span> <span class='ocrx_word' id='word_1_230' title='bbox 480 2739 602 2794; x_wconf 78' lang='lat' dir='ltr'>metaphor</span> <span class='ocrx_word' id='word_1_231' title='bbox 621 2738 762 2784; x_wconf 73' lang='lat' dir='ltr'>transferred</span> <span class='ocrx_word' id='word_1_232' title='bbox 779 2738 840 2782; x_wconf 79' lang='lat' dir='ltr'>llum</span> <span class='ocrx_word' id='word_1_233' title='bbox 857 2740 901 2783; x_wconf 75' lang='lat' dir='ltr'>tuo</span> <span class='ocrx_word' id='word_1_234' title='bbox 917 2748 985 2791; x_wconf 64' lang='lat' dir='ltr'>urgan</span> 
     </span>
     <span class='ocr_line' id='line_1_33' title="bbox 104 2792 985 2847; baseline 0.002 -12"><span class='ocrx_word' id='word_1_235' title='bbox 104 2794 131 2837; x_wconf 80' lang='lat' dir='ltr'>of</span> <span class='ocrx_word' id='word_1_236' title='bbox 146 2795 211 2837; x_wconf 80' lang='lat' dir='ltr'>small</span> <span class='ocrx_word' id='word_1_237' title='bbox 225 2797 248 2836; x_wconf 92' lang='lat' dir='ltr'>to</span> <span class='ocrx_word' id='word_1_238' title='bbox 261 2792 310 2836; x_wconf 80' lang='lat' dir='ltr'>that</span> <span class='ocrx_word' id='word_1_239' title='bbox 322 2792 349 2835; x_wconf 86' lang='lat' dir='ltr'>of</span> <span class='ocrx_word' id='word_1_240' title='bbox 366 2792 469 2844; x_wconf 75' lang='lat' dir='ltr'>hearing.</span> <span class='ocrx_word' id='word_1_241' title='bbox 482 2794 528 2836; x_wconf 84' lang='lat' dir='ltr'>und</span> <span class='ocrx_word' id='word_1_242' title='bbox 541 2794 681 2847; x_wconf 64' lang='lat' dir='ltr'>expressius</span> <span class='ocrx_word' id='word_1_243' title='bbox 694 2792 743 2836; x_wconf 85' lang='lat' dir='ltr'>that</span> <span class='ocrx_word' id='word_1_244' title='bbox 752 2792 829 2835; x_wconf 83' lang='lat' dir='ltr'>whielr</span> <span class='ocrx_word' id='word_1_245' title='bbox 840 2792 985 2837; x_wconf 67' lang='lat' dir='ltr'>numum</span> 
     </span>
     <span class='ocr_line' id='line_1_34' title="bbox 104 2844 985 2941; baseline 0 -52"><span class='ocrx_word' id='word_1_246' title='bbox 104 2847 186 2941; x_wconf 56' lang='lat' dir='ltr'><strong>Beffflf</strong></span> <span class='ocrx_word' id='word_1_247' title='bbox 192 2848 332 2941; x_wconf 56' lang='lat' dir='ltr'>glacierum,</span> <span class='ocrx_word' id='word_1_248' title='bbox 344 2846 432 2889; x_wconf 88' lang='lat' dir='ltr'>several</span> <span class='ocrx_word' id='word_1_249' title='bbox 444 2851 625 2889; x_wconf 80' lang='lat' dir='ltr'>commentatore</span> <span class='ocrx_word' id='word_1_250' title='bbox 643 2846 711 2890; x_wconf 86' lang='lat' dir='ltr'>think</span> <span class='ocrx_word' id='word_1_251' title='bbox 727 2845 777 2890; x_wconf 81' lang='lat' dir='ltr'>tuat</span> <span class='ocrx_word' id='word_1_252' title='bbox 792 2845 855 2901; x_wconf 74' lang='lat' dir='ltr'>quta</span> <span class='ocrx_word' id='word_1_253' title='bbox 865 2844 985 2891; x_wconf 72' lang='lat' dir='ltr'>mount·</span> 
     </span>
     <span class='ocr_line' id='line_1_35' title="bbox 104 2912 215 2943; baseline -0.018 0"><span class='ocrx_word' id='word_1_254' title='bbox 104 2912 215 2943; x_wconf 77' lang='lat' dir='ltr'>msere.</span> 
     </span>
    </p>

    <p class='ocr_par' dir='ltr' id='par_1_6' title="bbox 105 2951 986 3102">
     <span class='ocr_line' id='line_1_36' title="bbox 137 2951 986 3007; baseline 0.002 -13"><span class='ocrx_word' id='word_1_255' title='bbox 137 2952 253 3007; x_wconf 65' lang='lat' dir='ltr'>ffluler.</span> <span class='ocrx_word' id='word_1_256' title='bbox 287 2951 464 3007; x_wconf 69' lang='lat' dir='ltr'>Hulfilrollter:</span> <span class='ocrx_word' id='word_1_257' title='bbox 489 2952 581 3006; x_wconf 80' lang='lat' dir='ltr'>Popilia</span> <span class='ocrx_word' id='word_1_258' title='bbox 600 2965 650 2995; x_wconf 81' lang='lat' dir='ltr'>was</span> <span class='ocrx_word' id='word_1_259' title='bbox 672 2952 763 2996; x_wconf 79' lang='lat' dir='ltr'>mother</span> <span class='ocrx_word' id='word_1_260' title='bbox 785 2952 814 2995; x_wconf 78' lang='lat' dir='ltr'>ot</span> <span class='ocrx_word' id='word_1_261' title='bbox 832 2952 861 2997; x_wconf 80' lang='lat'>0.</span> <span class='ocrx_word' id='word_1_262' title='bbox 879 2952 986 2999; x_wconf 67' lang='lat' dir='ltr'>Low</span> 
     </span>
     <span class='ocr_line' id='line_1_37' title="bbox 105 3002 985 3055; baseline 0.002 -8"><span class='ocrx_word' id='word_1_263' title='bbox 105 3005 193 3055; x_wconf 78' lang='lat' dir='ltr'>Strabo,</span> <span class='ocrx_word' id='word_1_264' title='bbox 206 3005 252 3048; x_wconf 88' lang='lat' dir='ltr'>and</span> <span class='ocrx_word' id='word_1_265' title='bbox 265 3005 292 3047; x_wconf 78' lang='lat' dir='ltr'>of</span> <span class='ocrx_word' id='word_1_266' title='bbox 306 3006 411 3049; x_wconf 85' lang='lat' dir='ltr'>Catulus.</span> <span class='ocrx_word' id='word_1_267' title='bbox 446 3005 491 3048; x_wconf 86' lang='lat' dir='ltr'>She</span> <span class='ocrx_word' id='word_1_268' title='bbox 504 3017 553 3048; x_wconf 85' lang='lat' dir='ltr'>was</span> <span class='ocrx_word' id='word_1_269' title='bbox 566 3005 604 3048; x_wconf 85' lang='lat' dir='ltr'>the</span> <span class='ocrx_word' id='word_1_270' title='bbox 615 3007 664 3049; x_wconf 82' lang='lat' dir='ltr'>first</span> <span class='ocrx_word' id='word_1_271' title='bbox 676 3007 766 3050; x_wconf 89' lang='lat' dir='ltr'>Roman</span> <span class='ocrx_word' id='word_1_272' title='bbox 780 3006 867 3050; x_wconf 76' lang='lat' dir='ltr'>female</span> <span class='ocrx_word' id='word_1_273' title='bbox 879 3006 934 3051; x_wconf 72' lang='lat' dir='ltr'>veno</span> <span class='ocrx_word' id='word_1_274' title='bbox 943 3002 985 3049; x_wconf 71' lang='grc' dir='ltr'><strong><em>Η</em></strong></span> 
     </span>
     <span class='ocr_line' id='line_1_38' title="bbox 105 3057 841 3102; baseline 0 0"><span class='ocrx_word' id='word_1_275' title='bbox 105 3059 144 3102; x_wconf 85' lang='lat' dir='ltr'>the</span> <span class='ocrx_word' id='word_1_276' title='bbox 156 3058 248 3101; x_wconf 84' lang='lat' dir='ltr'>honour</span> <span class='ocrx_word' id='word_1_277' title='bbox 260 3057 287 3100; x_wconf 80' lang='lat' dir='ltr'>of</span> <span class='ocrx_word' id='word_1_278' title='bbox 294 3071 308 3101; x_wconf 83' lang='lat' dir='ltr'>u</span> <span class='ocrx_word' id='word_1_279' title='bbox 319 3058 411 3102; x_wconf 84' lang='lat' dir='ltr'>funeral</span> <span class='ocrx_word' id='word_1_280' title='bbox 423 3057 521 3101; x_wconf 80' lang='lat' dir='ltr'>oration.</span> <span class='ocrx_word' id='word_1_281' title='bbox 556 3060 591 3102; x_wconf 87' lang='lat' dir='ltr'>De</span> <span class='ocrx_word' id='word_1_282' title='bbox 602 3061 663 3102; x_wconf 69' lang='lat' dir='ltr'>(irat</span> <span class='ocrx_word' id='word_1_283' title='bbox 675 3071 696 3102; x_wconf 82' lang='lat' dir='ltr'>c.</span> <span class='ocrx_word' id='word_1_284' title='bbox 708 3060 730 3102; x_wconf 84' lang='lat'>7.</span> <span class='ocrx_word' id='word_1_285' title='bbox 741 3059 789 3101; x_wconf 85' lang='lat' dir='ltr'>and</span> <span class='ocrx_word' id='word_1_286' title='bbox 806 3062 841 3102; x_wconf 87' lang='lat' dir='ltr'>ll.</span> 
     </span>
    </p>

    <p class='ocr_par' dir='ltr' id='par_1_7' title="bbox 137 3111 985 3169">
     <span class='ocr_line' id='line_1_39' title="bbox 137 3111 985 3169; baseline 0.004 -15"><span class='ocrx_word' id='word_1_287' title='bbox 137 3119 151 3159; x_wconf 55' lang='grc' dir='ltr'>φ</span> <span class='ocrx_word' id='word_1_288' title='bbox 166 3111 296 3165; x_wconf 80' lang='lat' dir='ltr'>Utcumque</span> <span class='ocrx_word' id='word_1_289' title='bbox 308 3112 417 3155; x_wconf 75' lang='lat' dir='ltr'>aderunt</span> <span class='ocrx_word' id='word_1_290' title='bbox 454 3111 520 3154; x_wconf 82' lang='lat' dir='ltr'>tht</span> <span class='ocrx_word' id='word_1_291' title='bbox 538 3112 582 3154; x_wconf 82' lang='lat' dir='ltr'>due</span> <span class='ocrx_word' id='word_1_292' title='bbox 596 3111 770 3156; x_wconf 68' lang='lat' dir='ltr'>consideration</span> <span class='ocrx_word' id='word_1_293' title='bbox 788 3112 813 3156; x_wconf 77' lang='lat' dir='ltr'>to</span> <span class='ocrx_word' id='word_1_294' title='bbox 834 3112 876 3157; x_wconf 69' lang='lat' dir='ltr'>lte</span> <span class='ocrx_word' id='word_1_295' title='bbox 892 3118 985 3169; x_wconf 72' lang='lat' dir='ltr'>pam</span> 
     </span>
    </p>
   </div>
   <div class='ocr_carea' id='block_1_4' title="bbox 87 3162 984 3262">
    <p class='ocr_par' dir='ltr' id='par_1_8' title="bbox 87 3162 984 3262">
     <span class='ocr_line' id='line_1_40' title="bbox 87 3162 984 3262; baseline 0.007 -56"><span class='ocrx_word' id='word_1_296' title='bbox 87 3164 203 3260; x_wconf 49' lang='grc' dir='ltr'>,ῃὼθῇ</span> <span class='ocrx_word' id='word_1_297' title='bbox 214 3165 271 3262; x_wconf 64' lang='lat' dir='ltr'>rein</span> <span class='ocrx_word' id='word_1_298' title='bbox 283 3178 351 3211; x_wconf 87' lang='lat' dir='ltr'>some</span> <span class='ocrx_word' id='word_1_299' title='bbox 360 3164 470 3212; x_wconf 84' lang='lat' dir='ltr'>valnuble</span> <span class='ocrx_word' id='word_1_300' title='bbox 480 3166 555 3212; x_wconf 76' lang='lat' dir='ltr'>MSS.</span> <span class='ocrx_word' id='word_1_301' title='bbox 563 3165 613 3210; x_wconf 86' lang='lat' dir='ltr'>und</span> <span class='ocrx_word' id='word_1_302' title='bbox 623 3166 684 3221; x_wconf 66' lang='lat' dir='ltr'>etulu</span> <span class='ocrx_word' id='word_1_303' title='bbox 697 3163 805 3218; x_wconf 66' lang='lat' dir='ltr'>euntem,</span> <span class='ocrx_word' id='word_1_304' title='bbox 813 3163 874 3211; x_wconf 71' lang='lat' dir='ltr'>nster</span> <span class='ocrx_word' id='word_1_305' title='bbox 888 3162 984 3211; x_wconf 60' lang='lat' dir='ltr'>mern</span> 
     </span>
    </p>
   </div>
   <div class='ocr_carea' id='block_1_5' title="bbox 0 0 1037 3946">
    <p class='ocr_par' dir='ltr' id='par_1_9' title="bbox 0 0 1037 3946">
     <span class='ocr_line' id='line_1_41' title="bbox 0 0 1037 3946; baseline 0 0"><span class='ocrx_word' id='word_1_306' title='bbox 0 0 1037 3946; x_wconf 95' lang='lat' dir='ltr'> </span> 
     </span>
    </p>
   </div>
   <div class='ocr_carea' id='block_1_6' title="bbox 1021 39 1031 3295">
    <p class='ocr_par' dir='ltr' id='par_1_10' title="bbox 1021 39 1031 3295">
     <span class='ocr_line' id='line_1_42' title="bbox 1021 39 1031 3295; baseline 0 0"><span class='ocrx_word' id='word_1_307' title='bbox 1021 39 1031 3295; x_wconf 95' lang='lat' dir='ltr'> </span> 
     </span>
    </p>
   </div>
  </div>
 </body>
</html>
