2054 3946
325 487 400 534 ΗΒ,
417 487 471 532 111.
504 487 585 533 CAP.
607 488 674 534 ΧΙῙ.
893 497 947 550 189

66 604 192 654 nestum.
247 595 346 668 Itaque
372 597 574 664 Athenienses,
600 597 675 670 quad
704 598 854 655 honestum
889 617 946 655 non

64 685 152 742 esset,
169 675 198 731 id
222 694 257 732 ue
282 676 349 733 utile
374 676 489 748 quidem
513 688 698 752 putaverunt:
722 689 865 749 totamque
882 695 944 733 eam

63 770 136 821 rem,
151 772 238 826 quam
259 774 295 812 ne
316 754 461 812 audierant
481 756 606 828 quidem,
622 768 734 814 auctore
755 757 889 823 Aristide,
905 775 945 813 re·

62 833 262 909 pudiaveruut.
305 835 412 892 Melius
436 835 476 899 hi,
492 854 577 907 quarn
600 854 662 904 nos,
680 837 727 908 qui
752 837 872 912 piratas*
894 837 945 893 im·

61 916 178 980 munes,
195 914 289 970 socios
305 914 481 990 vectigales,†
496 915 642 972 habemus.

62 1043 156 1103 ΟΑΡ.
180 1043 250 1101 XII.
282 1043 357 1101 Rem
381 1043 514 1102 illustrat
539 1045 637 1102 Cicero
663 1044 758 1102 tribus
783 1043 944 1121 exemplis,-

102 1140 231 1201 puorum
246 1124 381 1199 primum
396 1131 438 1181 eat
452 1123 564 1182 Rhodii
578 1124 759 1191 mercatorio,
775 1125 896 1201 agitque
911 1124 945 1182 dc

102 1202 217 1294 astutia
230 1202 264 1260 ia
277 1203 475 1261 contractibus
491 1204 704 1261 cornutauibus.

102 1316 239 1374 Mauras
266 1320 362 1392 ergo,‡
386 1316 462 1389 quod
487 1327 567 1390 turpe
595 1317 642 1384 sit,
661 1317 689 1374 id
711 1337 854 1390 nunquam
877 1336 941 1373 esse

60 1396 150 1453 utile:
174 1414 209 1452 ue
230 1406 289 1452 turn
310 1396 435 1468 quidem,
451 1416 515 1453 curn
537 1396 566 1453 id
586 1397 663 1468 quod
677 1416 741 1454 esse
761 1399 828 1454 utile
850 1408 942 1472 putes,

61 1474 231 1553 adipiscare.
273 1475 338 1533 Hoc
358 1477 434 1532 enirn
456 1476 548 1551 ipsum
571 1477 638 1533 utile
660 1488 757 1552 putare
773 1478 846 1548 quod
864 1488 944 1551 turpe

60 1555 109 1623 sit,
129 1555 324 1613 calamitosum
349 1566 402 1612 est.
444 1555 502 1612 Sed
527 1556 664 1622 incidunt,
688 1568 719 1613 ut
746 1576 831 1631 supra
856 1556 944 1629 dixi,§

61 1652 139 1711 saepe
153 1654 256 1700 causae,
267 1654 331 1691 curn
346 1654 504 1710 repugnare
518 1636 624 1691 utilitas
640 1636 779 1692 honestati
793 1635 942 1702 videatur‚jl

61 1722 92 1771 ut
114 1713 395 1772 animadvertendum
417 1717 462 1782 sit,
482 1726 656 1790 repugnetne
681 1715 773 1789 plane,
794 1735 829 1771 an
854 1725 944 1789 possit

61 1812 126 1851 cum
141 1793 290 1850 honestate
305 1795 450 1870 conjungi.
492 1794 566 1869 Ejus
581 1795 693 1870 generis
709 1795 752 1850 lue
767 1806 833 1850 sunt
854 1811 943 1864 qrraes·

61 1872 172 1931 dones:
215 1874 257 1939 Si,
268 1875 394 1949 exempli
408 1874 505 1949 gratia,
516 1874 559 1930 vir
573 1875 663 1930 bouus
678 1873 851 1940 Alexandria
865 1872 943 1929 Rbo-

60 1950 139 2020 dum,
155 1971 289 2028 magnum
310 1951 443 2010 frumenti
458 1956 629 2022 uumerumll
649 1953 794 2009 advexerit
815 1953 844 2008 in
866 1951 943 2008 Rho·

60 2030 173 2089 diorum
188 2032 293 2107 inopia,
310 2043 338 2087 et
350 2033 434 2097 farne,
451 2051 617 2103 summaque
633 2051 749 2088 annonae
765 2032 895 2088 caritate:
917 2032 943 2088 si

59 2110 138 2168 idem
152 2112 232 2177 sciat,
248 2112 409 2186 complures
431 2122 599 2168 mercatores
623 2111 796 2168 Alexandria
810 2107 941 2177 solvisse,

60 2208 206 2261 navesque
217 2191 348 2258 incursu,
363 2191 503 2247 srumcuto
515 2203 640 2257 onustae,
654 2202 780 2265 petentes
796 2189 941 2258 Rhodum,

60 2270 180 2337 viderit,
208 2269 370 2327 dicturusne
395 2271 433 2326 sit
457 2269 486 2326 id
511 2269 643 2336 Rhodiis,
664 2290 699 2326 an
722 2271 836 2328 silentio
859 2288 942 2327 suum

93 2415 107 2443 *
118 2411 223 2456 midai.
256 2409 383 2455 Facciolati
394 2410 474 2453 thinks
486 2409 536 2453 tlrat
548 2409 647 2454 allusion
660 2409 680 2454 is
692 2410 746 2454 here
758 2411 827 2454 made
840 2415 863 2454 to
874 2423 941 2454 some

58 2477 159 2521 persons
171 2465 198 2508 of
205 2464 251 2507 this
262 2463 404 2518 description
417 2475 447 2506 on
460 2463 499 2506 tbc
511 2467 574 2506 coast
583 2463 610 2506 of
619 2464 676 2506 Asia
688 2464 773 2517 Minor,
786 2463 863 2508 whom
875 2466 943 2508 Pom·

57 2531 107 2582 pay
119 2518 166 2562 irad
186 2516 295 2579 removed
315 2516 367 2560 into
387 2516 425 2560 the
442 2516 545 2560 interior.
578 2518 645 2577 J.·M.
658 2517 792 2579 Heusinger
801 2517 875 2572 jusdy
887 2529 942 2561 con·

57 2584 137 2617 cauves
153 2571 204 2615 that
221 2572 302 2632 Cicero
313 2569 391 2614 would
403 2574 445 2613 not
461 2570 637 2630 uun-ecessanly
649 2570 703 2614 thus
715 2575 806 2624 impure
824 2570 899 2613 blame
916 2575 941 2613 ta

57 2622 942 2731 tetttt'ttetttttltait?tcttttteltutttttttt,tttlttl

56 2731 129 2776 when
146 2731 241 2794 ‚similar
263 2731 348 2774 crimes
369 2729 482 2784 probably
497 2741 559 2772 were
581 2711 695 2784 frequi’nt,
713 2729 761 2773 and
780 2729 865 2784 passed
884 2708 941 2772 witli

56 2784 255 2892 impuppgppgm
289 2835 341 2880 The
358 2835 482 2879 adherente
500 2835 527 2878 of
541 2837 655 2930 Pompep,
667 2835 777 2888 formerly
795 2834 819 2877 iu
840 2834 939 2877 alliance

57 2891 118 2935 witu
136 2891 175 2934 tlre
193 2893 285 2936 Roman
298 2895 365 2941 state,
377 2901 404 2932 as
417 2889 545 2941 Deiotarus,
557 2887 595 2931 the
607 2889 630 2930 in
639 2888 751 2950 rabitants
762 2889 789 2932 os
803 2886 940 2948 Marseilles,

57 2945 107 2990 and
118 2945 207 2998 others;
224 2956 256 2987 on
268 2943 346 2987 whom
358 2943 442 2996 Cesar,
453 2942 524 2986 when
535 2952 672 2996 conqueror,
684 2941 792 2996 imposed
804 2940 896 2984 tribute.

387 3048 536 3092 CHAPTER
554 3047 611 3091 ΧΠ.

92 3119 292 3172 ssManeuterga.
326 3118 369 3162 Lat
377 3118 397 3162 a
406 3118 434 3178 ¹be
442 3117 496 3161 then
505 3116 666 3161 multinodas
672 3116 766 3171 proved.
797 3116 842 3160 Pro
850 3114 901 3160 Mil.
909 3114 932 3158 iv

57 3174 72 3201 ⁸
105 3172 286 3235 uapropteruhpc
298 3176 394 3267 maabeel
404 3182 429 3214 rn
440 3182 519 3222 causa,
529 3169 646 3225 judices.”

120 3225 153 3323 lii
173 3225 414 3324 ppurpariefflw·
442 3328 447 3338 ¹
536 3329 541 3338 ι

93 3334 108 3386 1
123 3334 268 3378 Numerum.
302 3332 424 3391 Numerus
440 3342 460 3372 rs
478 3329 572 3384 applied
585 3332 609 3373 to
621 3327 759 3372 substances
770 3327 821 3371 sold
833 3326 864 3381 by
877 3337 930 3370 mea

58 3398 113 3431 sure
125 3399 150 3429 as
161 3386 251 3429 wellas
264 3386 294 3438 by
306 3384 359 3428 tale.
394 3385 452 3426 Hrrt
467 3383 495 3426 de
510 3384 565 3426 Bell.
578 3382 629 3426 Alr.
640 3394 661 3426 c.
673 3383 695 3432 8,
707 3383 721 3407 ⁶‘
731 3394 768 3424 rna
785 3393 816 3424 no
827 3381 938 3424 frumenti

60 3445 157 3485 invento
174 3439 298 3482 numero.'’
332 3436 510 3490 laetaremur
527 3448 592 3480 sorno
610 3435 700 3481 similar
711 3447 760 3480 war
777 3431 939 3491 ,isprobablv

60 3492 210 3538 understood.
907 3526 933 3609 ,1
