2054 3946
359 477 431 524 ΗΒ.
443 477 462 521 1.
497 473 665 522 cnmxlv.
912 485 950 536 ,45

71 587 228 664 dignitate*
245 587 347 658 cuique
362 587 507 644 tribuatur.
550 585 582 644 ld
599 587 675 644 enim
690 597 733 642 est
750 587 867 662 justitiae
889 586 951 644 iun·

70 667 246 733 damentum‚
263 666 394 738 adquam
409 666 470 722 lraee
484 665 631 723 referenda
645 678 712 722 sunt
725 667 831 722 omnia.
874 667 950 723 Nam

69 758 100 803 et
118 747 169 818 qui
191 746 382 821 gratificantur
402 747 537 821 cuipiam,
553 745 630 817 quod
652 746 727 802 obsit
741 745 793 810 illi,
819 746 864 801 cui
888 765 951 821 pro·

69 825 155 883 desse
177 823 284 903 [velle]
301 824 457 893 videantur,
473 845 530 883 non
551 826 673 882 benefici
693 844 787 896 neque
809 825 950 888 liberales,

69 904 121 963 sed
136 905 291 980 perniciosi
306 916 497 962 assentatores
514 903 661 981 judicandi
676 917 759 961 sunt:
782 905 873 976 etqui
888 905 950 960 aliis

70 994 186 1051 nocent,
201 995 233 1040 ut
245 984 274 1041 in
290 985 361 1040 alios
375 983 506 1040 liberales
521 985 588 1052 sint,
604 985 633 1041 in
648 985 747 1041 eadem
762 993 828 1040 sunt
842 984 952 1059 injusti·

70 1062 135 1130 tia‚†
149 1073 181 1120 ut
194 1063 220 1120 si
234 1063 263 1119 in
278 1082 358 1120 suam
374 1081 434 1120 rem
450 1064 558 1136 alienat
571 1073 745 1120 convertant.

109 1143 186 1200 Sunt
210 1152 303 1199 autem
329 1143 420 1208 multi,
435 1155 464 1199 et
484 1143 599 1214 quidem
621 1142 717 1218 cupidi
742 1142 903 1218 splendoris
925 1152 953 1199 et

71 1221 180 1298 gloriae,
193 1222 243 1294 qui
257 1222 382 1297 eripiunt
395 1223 467 1289 aliis,
481 1222 557 1293 quod
572 1223 635 1279 aliis
649 1222 811 1297 largiantur.
855 1222 952 1293 Hique

71 1302 241 1360 arbitrantur
261 1320 292 1357 se
313 1302 457 1358 beneficos
479 1303 509 1358 in
530 1321 598 1358 suos
619 1302 726 1358 amicos
751 1303 840 1358 visum
863 1302 907 1368 iri,
927 1303 952 1358 si

70 1381 251 1457 locupletent
264 1399 314 1436 eos
329 1399 508 1453 quacumque
529 1381 647 1438 ratione.
690 1381 722 1438 ld
738 1394 830 1438 autem
846 1392 953 1438 tantum

71 1461 153 1518 abest
165 1459 272 1526 officio,
287 1470 319 1515 ut
332 1460 404 1517 nihil
419 1461 509 1537 magis
531 1461 627 1518 officio
647 1461 739 1536 possit
759 1479 823 1516 esse
845 1473 954 1518 contra·

72 1539 157 1597 rium.
200 1539 364 1596 Videndum
378 1550 422 1596 est
436 1540 531 1615 igitur.
545 1551 577 1596 ut
591 1560 624 1596 ea
644 1541 810 1597 liberalitate
831 1551 953 1607 utamur,

73 1638 137 1691 quaa
153 1618 245 1694 prosit
258 1620 369 1686 amicis,
384 1631 486 1676 noceat
503 1621 620 1676 nemini.
663 1620 757 1683 Quare
773 1619 808 1675 L.
824 1620 911 1676 Sullae
927 1631 954 1676 et

74 1697 111 1756 Ο.
127 1697 253 1755 Caesaris
274 1699 458 1773 pecuniarum
480 1700 624 1756 translatio
640 1718 656 1754 a
671 1699 759 1774 justis
780 1698 904 1755 dominis
920 1699 954 1756 ad

73 1779 183 1836 alienos
198 1797 255 1834 non
270 1778 354 1834 debet
371 1779 496 1836 liberalis
511 1778 610 1834 videri.
639 1778 723 1835 Nihil
737 1788 781 1834 est
795 1779 872 1834 enim
886 1779 954 1836 libe-

74 1858 146 1925 rale,
161 1857 238 1929 quod
253 1877 311 1914 non
326 1858 400 1915 idem
418 1859 540 1934 justum.

113 1937 195 1996 Alter
210 1947 269 1993 erat
282 1938 363 1995 locus
377 1938 526 2004 cautionis,
543 1956 577 1994 ne
591 1936 750 2011 benignitas
763 1937 853 2012 major
867 1945 953 2002 esset,

73 2035 161 2089 quarn
176 2016 334 2074 facultates.
377 2017 471 2084 Quod,
488 2017 537 2090 qui
558 2017 739 2091 benigniores
759 2016 859 2072 volunt
880 2035 953 2083 esse,

74 2114 161 2168 quam
176 2114 221 2151 res
237 2097 350 2170 patitur,
365 2097 489 2171 primum
501 2099 531 2153 in
545 2116 580 2153 eo
595 2106 723 2171 peccant,
736 2095 812 2167 quod
825 2095 955 2173 injuriosi

75 2185 143 2232 sunt
157 2175 186 2231 in
198 2176 367 2250 proximos:
391 2195 461 2246 quas
476 2177 553 2233 enim
568 2175 664 2251 copias
679 2174 725 2231 his
740 2185 768 2231 et
780 2176 955 2250 suppeditari

76 2255 188 2325 aequius
210 2263 264 2321 est,
293 2265 322 2311 et
348 2255 481 2326 relinqui,
510 2275 558 2311 eas
586 2256 757 2311 transferunt
779 2255 814 2311 ad
836 2257 954 2312 alienos.

75 2332 157 2391 Inest
180 2343 274 2390 autem
299 2334 328 2390 in
350 2335 398 2391 tali
427 2335 592 2391 liberalitate
619 2335 760 2410 cupiditas
788 2335 955 2411 plerumque

75 2412 206 2488 rapiendi
227 2423 255 2468 et
275 2413 421 2470 auferendi
442 2433 493 2489 per
513 2414 656 2489 injuriam,
672 2424 703 2470 ut
723 2413 757 2470 ad
779 2415 955 2489 largiendum

76 2493 245 2567 suppetant§
260 2493 360 2567 eopiae.
403 2493 509 2550 Videre
532 2495 616 2550 etiam
639 2495 707 2550 licet
727 2495 878 2568 plerosque
897 2512 955 2550 non

76 2581 133 2628 tam
155 2582 255 2626 natura
274 2571 415 2638 liberaleS,
438 2592 523 2644 quam
545 2572 665 2644 quadam
690 2574 780 2648 gloria
801 2573 910 2641 ductos,
926 2583 957 2629 ut

75 2650 199 2707 benefici
227 2649 383 2717 videantur,
412 2651 503 2708 facere
531 2653 630 2719 multa,
660 2670 722 2723 quae
751 2654 895 2728 proficisci
922 2653 955 2708 ab

75 2729 266 2786 ostentatione
284 2731 375 2807 magis
391 2750 476 2803 quam
491 2751 507 2786 a
522 2732 663 2787 voluntate
680 2731 836 2788 videantur.
874 2732 955 2788 'Palis

397 2893 548 2938 CHAPTER
567 2894 632 2939 xlv.

110 2996 186 3060 *d'ro
207 2994 328 3049 dignitate.
361 2996 431 3039 Prout
451 2995 551 3051 quisque
570 2994 657 3050 dignus
675 2998 725 3039 est:
743 2994 868 3049 according
884 2994 905 3040 to
922 2993 958 3040 tte

75 3047 333 3201 ffiti’jiffigum
343 3100 476 3156 tonstrua.
510 3101 555 3147 net
570 3101 628 3147 out
645 3101 716 3156 corat
731 3100 862 3156 inustae:
873 3099 927 3144 rhus
937 3113 959 3147 c.

111 3212 124 3258 ss
137 3208 231 3253 Alieno.
265 3209 397 3252 Numerous
406 3208 475 3252 MSS.
487 3207 539 3262 give
549 3207 663 3261 othnam,
674 3206 752 3251 which
770 3206 857 3263 Bishop
874 3209 958 3252 Pearco

77 3261 126 3308 and
139 3261 232 3306 Ernesti
246 3260 329 3316 prefer.

114 3313 287 3368 §Srtppetont
321 3311 380 3356 This
398 3313 453 3356 verb
470 3313 490 3357 is
508 3313 634 3369 employed
654 3313 684 3367 by
696 3312 784 3367 Cicero,
801 3314 858 3368 only
876 3314 900 3357 in
919 3313 958 3357 the

77 3367 139 3413 third
158 3379 242 3421 person
266 3366 370 3416 singular
390 3378 415 3409 or
436 3367 520 3420 plural.
555 3369 624 3410 Some
647 3367 715 3410 MSS.
737 3367 791 3409 read
809 3367 959 3422 suppeditent.

77 3419 353 3473 Lucreuus‚1ib.i.5tt‚
371 3420 480 3474 employs
498 3419 536 3463 the
554 3420 622 3463 latter
633 3417 688 3461 verb
701 3419 725 3461 in
737 3418 775 3462 the
793 3432 858 3464 sume
876 3431 958 3465 sense:

242 3489 375 3536 “Materies
387 3494 415 3537 ut
426 3489 565 3550 suppeditet
573 3488 646 3536 rebus
655 3483 810 3546 reparandis?
