2054 3946
79 169 139 225 uto
367 161 415 207 nn
439 160 677 209 sauacrurn.

79 271 204 331 antecedit,
216 273 249 323 ita
266 270 387 320 sententia
404 270 561 333 principatum
581 275 661 318 tenet:
684 284 764 333 neque
783 270 864 321 aslum
882 271 968 321 honoro

80 340 281 397 antecedentibus,
293 339 334 386 sed
346 338 375 386 iis
387 339 459 387 etiam
471 337 512 400 qui
524 353 579 385 cum
594 336 694 400 imperio
712 345 780 396 sunt,
793 340 898 403 majores
912 344 968 387 natu

80 423 183 468 augures
195 414 380 470 anteponuntur.
414 405 475 464 Qua
486 413 544 453 sunt
558 403 630 464 igitur
647 404 781 467 voluptates
799 405 906 469 corporis
917 420 968 454 cum

80 474 226 523 auctoritatis
239 472 340 536 premiis
351 472 533 535 comparanda!
552 471 640 534 quibus
652 470 693 533 qui
701 471 828 534 splendide
836 472 968 530 uaisuntii

80 541 141 589 mibi
151 541 260 589 videntur
277 540 380 587 fabulam
393 538 468 587 atauo
485 538 610 602 peregisse,
622 553 675 596 neo,
687 546 812 602 tamquam
824 539 968 590 inexercitati

80 607 215 666 histriones,
226 608 252 655 in
265 615 371 654 extremo
383 614 438 654 actu
450 605 574 655 corruisse.

114 675 149 722 At
161 682 219 722 sunt
230 673 323 730 morosi,
335 681 359 721 et
370 672 444 730 anxii,
455 680 480 721 et
491 672 604 729 iracundi,
616 679 641 719 et
652 670 760 720 difficiles
772 689 862 729 sanese
880 675 901 722 si
912 689 969 737 qna·

82 741 164 798 rimus,
176 740 248 788 etiam
264 739 336 788 avari.
370 739 419 787 Sed
437 740 488 787 hnc
505 755 598 787 morum
612 738 669 786 vitia
688 746 754 798 sunt,
766 756 817 788 non
835 741 967 791 senectutis

82 809 120 857 Ac
131 808 256 856 morositas
273 816 361 862 tamen,
372 814 396 854 et
410 822 439 854 ea
450 806 507 854 vitia
523 822 576 868 qua
586 805 645 862 diri,
658 805 748 854 babent
765 807 857 870 aliquid
875 823 968 856 excusa·

82 874 161 932 tionis,
180 890 228 922 non
247 874 310 922 illius
327 873 423 935 quidem
437 875 516 937 justa,
528 873 569 920 sed
585 888 638 934 qua
655 874 747 935 probari
767 889 840 936 mssa
859 874 968 923 videatur.

84 940 214 989 Contemni
231 958 256 989 se
274 948 366 1003 putant,
378 939 474 1002 despici,
491 939 568 989 innui.
600 939 718 988 Praeterea
733 940 760 988 in
779 941 860 1002 fragili
877 956 969 1005 corpore

82 1008 164 1056 odiosa
181 1008 259 1055 omnis
270 1006 370 1055 offensio
381 1016 431 1054 est:
449 1022 501 1068 qua
512 1016 593 1054 tamen
609 1006 690 1054 omnia
700 1007 808 1056 dulciora
819 1015 878 1057 sunt
889 1016 914 1056 et
923 1023 969 1057 mo·

83 1074 148 1123 ribus
160 1075 235 1132 bonis,
247 1083 271 1122 ct
288 1074 392 1122 artibus:
410 1074 489 1136 idque,
502 1081 553 1122 tum
570 1072 595 1121 in
609 1073 664 1130 vita,
676 1083 728 1121 tum
739 1074 765 1122 in
777 1090 859 1132 scena,
872 1074 968 1137 intelligi

83 1151 159 1205 potest
171 1158 200 1190 cx
213 1142 243 1190 iis
254 1141 370 1197 fratribus,
382 1141 423 1203 qui
435 1141 460 1188 in
472 1139 626 1203 “Adelphis”
639 1147 703 1189 sunt.
738 1140 839 1200 Quanta
856 1141 883 1190 in
901 1143 968 1191 altaro

83 1208 180 1268 duritas,
191 1209 217 1257 in
229 1210 302 1256 altero
316 1207 429 1256 comitas!
464 1207 680 1256 Sicsereshabct.
714 1206 749 1256 Ut
761 1209 827 1257 enim
839 1224 891 1257 non
902 1224 968 1257 omne

84 1275 175 1332 vinum,
193 1276 228 1324 sic
244 1291 293 1323 non
311 1273 390 1323 omnis
406 1282 469 1330 atas,
481 1282 598 1322 vetustate
615 1273 737 1323 coacescit.
771 1275 929 1324 Severitatem
944 1275 968 1324 in

84 1351 205 1392 senectute
218 1344 296 1405 probo,
308 1342 349 1390 sed
361 1357 414 1389 earn
428 1341 504 1403 (sicut
516 1341 576 1406 alia)
590 1341 723 1398 modicam3
740 1342 894 1392 acerbitatem
905 1344 969 1392 nullo

83 1409 162 1458 modo.
196 1409 303 1458 Avaritia
313 1425 369 1456 vero
380 1408 463 1456 senilis
474 1408 531 1469 quid
542 1407 587 1455 sibi
598 1408 662 1464 velit,
674 1423 723 1455 non
738 1407 856 1471 intelligo.
889 1410 969 1459 Potest

84 1477 149 1525 enim
168 1477 297 1541 quidquam
317 1491 369 1523 esse
386 1475 517 1533 absurdius,
529 1490 609 1538 quam,
628 1490 676 1537 quo
693 1473 774 1524 minus
785 1476 830 1524 vie
847 1484 927 1536 restat,
942 1492 969 1526 eo

84 1545 138 1607 plue
149 1544 229 1592 viatici
240 1543 360 1607 quaererel

117 1677 187 1727 XIX.
205 1678 297 1737 Quarta
307 1684 378 1725 restat
389 1692 467 1733 causa,
479 1691 531 1738 qua
543 1674 648 1724 maxime
663 1690 751 1736 angm
762 1685 834 1739 atquo
846 1678 970 1728 sollicitam

84 1743 170 1793 habere
182 1755 286 1794 nostram
304 1751 394 1792 aetswm
406 1743 505 1801 videtur,
517 1742 713 1805 appropinquatio
731 1744 828 1802 mortis;
846 1761 900 1808 qun
911 1753 971 1795 certe

85 1828 100 1859 a
111 1821 232 1860 senectute
243 1828 292 1860 non
304 1818 382 1874 potest
391 1812 461 1871 longe
473 1810 561 1857 abesse.
595 1808 617 1857 0
629 1809 742 1859 miserum
754 1826 845 1869 senem,
855 1813 904 1876 qui,
912 1829 971 1862 mor·

85 1887 133 1927 tem
145 1879 344 1927 contemnendam
355 1893 414 1934 esse,
426 1878 451 1925 in
463 1885 511 1925 tam
523 1877 596 1936 longa
609 1884 676 1924 etate
688 1893 737 1925 non
749 1878 848 1926 viderit!
867 1896 920 1942 qua
932 1887 972 1929 aut

85 1945 156 2007 plane
174 1945 317 2007 negligenda
334 1952 377 2003 est,
393 1944 414 1993 si
432 1943 532 1992 omnino
548 1943 680 2004 exstinguit
697 1944 821 2002 animum
842 1946 971 1996 autetiam

86 2012 196 2073 optamla,
207 2013 228 2059 si
245 2012 325 2075 aliquo
342 2028 398 2059 eum
415 2010 516 2067 deducit,
535 2010 575 2058 ubi
592 2009 624 2057 sit
640 2009 735 2059 futurus
752 2018 862 2062 aeternus.
897 2013 972 2077 Atqui

86 2078 181 2127 tertium
194 2087 255 2126 certa
265 2079 325 2126 nibil
337 2078 438 2126 inveniri
449 2085 532 2140 potest
567 2076 632 2136 Quid
641 2076 713 2137 igitur
722 2078 826 2137 timeam,
836 2080 858 2128 si
869 2088 971 2130 autnon

86 2144 157 2193 miser
168 2153 221 2208 post
232 2154 339 2202 mortem,
351 2153 392 2193 aut
401 2147 483 2192 beatus
494 2144 573 2201 etiam,
585 2143 679 2192 iuturus
690 2145 763 2193 sumi

119 2212 273 2274 Quamquam
284 2211 339 2274 quis
350 2221 387 2259 est
398 2220 447 2259 tam
458 2213 552 2264 stultus,
564 2210 673 2272 quamvis
685 2211 716 2259 sit
733 2212 879 2272 adolescens,
890 2214 930 2263 cui
942 2214 973 2264 sit

86 2281 242 2342 exploratum,
254 2296 279 2327 se
297 2278 326 2326 ad
336 2294 461 2341 vesperum
479 2294 530 2326 esse
542 2277 677 2325 victurum!
714 2278 854 2337 Quinetiam
866 2289 922 2329 atas
932 2280 972 2330 illa

85 2348 162 2395 multo
174 2349 260 2410 plures,
272 2362 342 2408 quum
361 2352 447 2402 nostra,
459 2344 541 2392 mortis
558 2360 628 2392 casus
645 2345 721 2393 habet.
755 2345 863 2396 Facilius
875 2348 900 2395 in
912 2364 973 2397 mor·

86 2415 129 2461 bos
145 2414 255 2463 incidunt
275 2413 450 2468 adolescentcs;
476 2411 571 2471 gravius
591 2418 718 2472 aegrotant3
742 2412 833 2461 tristius
853 2424 972 2464 curantur.

87 2481 168 2543 ltaque
180 2482 250 2544 pauci
262 2480 361 2528 veniunt
372 2480 401 2527 ad
414 2487 575 2527 senectutem:
593 2479 655 2540 quod
669 2478 694 2526 ni
706 2479 739 2526 ita
751 2481 874 2536 accideret,
888 2482 973 2531 melius

85 2556 111 2596 et
128 2549 269 2611 prudentius
287 2547 410 2595 viveretur.
444 2546 515 2594 Mens
533 2545 606 2601 eninr,
620 2553 643 2592 et
665 2545 731 2602 ratio,
750 2553 774 2593 et
795 2548 930 2607 consilium,
948 2548 972 2597 in

86 2615 184 2664 senibus
199 2624 250 2672 est;
268 2614 309 2677 qui
327 2614 347 2662 si
367 2613 426 2662 nulli
438 2613 546 2669 fuissent,
559 2614 629 2660 nulla
646 2612 745 2659 omnino
762 2613 871 2662 civitates
887 2625 973 2664 essent.

87 2681 135 2728 Sed
153 2683 221 2730 redeo
234 2682 263 2730 ud
281 2689 380 2730 mortem
398 2680 583 2742 impendentem.
617 2679 689 2738 Quod
707 2679 765 2728 illud
783 2689 820 2728 cst
837 2681 927 2730 crimen
939 2697 972 2730 se·

87 2750 196 2806 nectutis,
219 2766 274 2797 cum
297 2749 356 2796 illud
373 2747 473 2795 videatis
494 2762 550 2794 cum
572 2745 730 2793 adolescentia
749 2763 801 2795 esse
824 2753 971 2798 communcl

87 2815 158 2864 Sensi
169 2833 221 2876 ego,
234 2833 289 2864 cum
301 2815 327 2863 in
339 2814 429 2875 optimo
440 2814 490 2862 filio
508 2828 568 2869 mco,
580 2820 632 2860 tum
644 2813 669 2860 in
682 2815 825 2875 exspectatis
838 2817 867 2864 ad
880 2817 974 2881 amplis·

86 2881 172 2931 simam
190 2883 329 2943 dignitatern
345 2881 454 2929 fratribus
472 2880 527 2938 tuis,
538 2879 627 2942 Scipio,
639 2879 706 2928 omni
723 2880 786 2929 atati
803 2892 905 2932 mortem
923 2900 973 2933 esse

86 2965 247 2998 communem.

121 3017 156 3064 At
167 3026 245 3078 sperat
256 3016 399 3068 adolescens,
408 3013 449 3061 diu
462 3030 488 3061 sc
502 3013 635 3072 victurum
647 3014 710 3075 quod
723 3029 815 3076 sperare
825 3016 888 3064 idem
901 3033 972 3067 senex

86 3091 135 3135 noti
146 3078 231 3146 potest.
265 3082 406 3145 Insipicntcr
418 3089 502 3142 sperat.
537 3080 601 3139 Quid
611 3081 675 3127 enim
688 3082 791 3137 stultius,
800 3099 872 3145 quarn
886 3085 974 3133 incerta

68 3144 206 3337 &cittis
220 3150 316 3213 habere,
328 3151 388 3201 salsa
399 3166 442 3216 pro
454 3147 533 3198 vensi
565 3148 648 3196 Senex
657 3149 767 3211 nc,quod
779 3146 860 3213 speret
871 3152 974 3216 quidem,

664 3466 1014 3507 ...e-³:-
