2054 3946
422 408 500 453 aar.
518 407 604 453 vrri.
892 416 951 471 260

64 515 152 573 fanni,
165 515 185 563 si
197 531 273 579 nuper
284 516 309 564 in
326 516 400 565 hortis
412 516 539 580 Scipionis,
550 534 607 566 curn
624 525 659 565 est
670 518 699 566 de
716 518 835 580 republica
846 519 951 583 disputa·

64 593 123 639 tum,
132 582 247 631 affuisses.
282 583 367 643 Qualis
378 593 431 633 tum
442 593 556 648 patronus
564 584 660 650 justitiae
668 584 713 633 suit
723 595 805 633 contra
816 596 950 636 accuratam

63 651 195 698 orationem
208 648 284 698 Phili!
321 652 446 700 Fannius.
464 651 545 699 Facile
556 652 580 700 id
592 653 687 714 quidem
699 652 752 709 suit,
767 653 885 716 justitiam
899 654 951 717 jua-

12 724 15 731 '
64 717 156 765 tissime
174 716 223 764 viro
240 717 371 767 defendere.
406 717 520 768 &noodr
535 719 601 778 Quid
618 719 763 768 amicitIamI
786 735 867 768 nonne
882 721 950 770 facila

63 784 93 841 ei,
106 784 148 847 qni
159 786 189 831 ob
200 801 254 831 earn
271 801 365 833 summa
376 786 430 843 lide,
442 787 581 845 constantia,
590 786 729 851 justitiaque
741 795 863 846 servatam,
875 788 951 837 maxi-

64 867 129 898 mam
140 851 240 912 gloriam
252 852 356 915 ceperitl

97 984 164 1032 VIII.
183 982 285 1035 Laelius.
303 985 360 1033 Vim
378 986 424 1034 hoc
435 986 531 1048 quidem
542 994 579 1034 est
595 987 684 1035 afferre.
719 987 784 1046 Quid
796 987 861 1036 enlm
872 988 949 1047 refert,

63 1067 112 1113 qna
123 1068 161 1098 me
181 1052 272 1100 ratione
289 1053 396 1113 cogatist
416 1053 500 1113 cogitis
511 1064 581 1101 certe,
615 1053 706 1102 studiis
718 1055 783 1102 enirn
801 1071 949 1115 generorum,

63 1118 191 1181 praesertim
208 1119 234 1166 in
252 1135 277 1168 ra
294 1121 363 1178 bona,
374 1136 431 1168 cum
448 1120 542 1168 difficile
559 1127 602 1179 est,
614 1128 667 1168 tum
684 1136 715 1168 ne
732 1138 827 1183 {equum
845 1121 948 1184 quidam,

63 1184 182 1233 obsistere.

97 1251 232 1314 Saepissime
250 1252 323 1314 igitur
335 1253 401 1312 mihi,
413 1255 442 1303 de
455 1252 558 1302 amicitia
575 1253 695 1315 cogitanti,
708 1254 811 1303 maxime
823 1255 881 1304 illud
892 1272 949 1304 con-

62 1316 215 1367 siderandum
223 1319 295 1367 videri
307 1323 373 1379 solet,
382 1338 448 1379 num,
457 1330 551 1384 propter
558 1321 741 1370 imbecillitatem
753 1330 823 1384 atque
835 1322 948 1386 inopiam,

62 1384 192 1433 desiderata
214 1386 245 1433 sit
264 1387 382 1445 amicitia,
407 1396 440 1446 ut,
458 1388 542 1436 dandis
563 1388 749 1451 recipiendisque
769 1390 865 1445 meritis,
885 1390 948 1451 quod

61 1452 162 1513 quisque
175 1453 255 1501 minus
266 1470 308 1516 per
319 1471 345 1502 se
362 1455 412 1517 ipse
430 1464 516 1518 posset,
529 1456 551 1503 id
565 1456 680 1518 achperet
692 1457 721 1502 ab
733 1455 786 1513 alio,
799 1455 948 1517 vicissimque

61 1519 183 1577 redderet;
201 1536 232 1568 an
249 1531 311 1568 esset
323 1523 368 1570 hoc
379 1522 474 1584 quidem
487 1521 607 1585 proprium
626 1521 750 1578 amicitiae3
768 1523 809 1570 sed
821 1522 947 1585 antiquior,

60 1593 85 1632 et
102 1587 228 1648 pulchrior,
246 1597 271 1635 ct
288 1588 365 1648 magis
376 1605 391 1636 a
402 1597 487 1637 natura
502 1589 555 1652 ipsa
572 1588 683 1651 profecta,
695 1588 741 1637 alia
760 1605 838 1636 causa.
872 1589 949 1637 Amor

61 1652 126 1700 enim
141 1652 184 1715 (ex
197 1670 245 1717 quo
262 1654 366 1702 amicitia
384 1656 518 1721 nominata)
533 1655 642 1718 princeps
660 1655 740 1703 estad
760 1656 947 1705 benevolentiam

61 1720 261 1782 conjungendam.
294 1721 361 1770 Nam
380 1722 491 1769 utilitates
503 1723 599 1783 quidem
611 1722 681 1770 etiam
694 1724 723 1771 ab
739 1721 769 1769 iis
786 1723 948 1784 perpriuntur

60 1802 129 1847 sepe,
142 1787 183 1848 qui
195 1787 345 1836 simulatione
363 1789 470 1837 amIcitiae
481 1790 590 1837 coluntur
602 1797 626 1836 ct
637 1791 791 1837 observantur
806 1806 878 1838 causa
890 1798 947 1838 tem·

60 1852 139 1915 poris:
158 1854 182 1901 ln
195 1855 299 1902 amicitia
315 1864 401 1912 autem,
414 1855 473 1903 nihil
485 1856 575 1912 fictum,
587 1856 648 1904 nihil
665 1856 819 1904 simulatum:
838 1865 868 1913 ct,
881 1857 947 1919 quid-

60 1919 117 1982 quid
129 1920 155 1968 in
167 1938 196 1968 ea
208 1931 250 1978 est,
262 1922 286 1970 id
298 1931 334 1969 est
345 1939 427 1970 verum
439 1931 463 1969 et
472 1923 641 1971 voluntarium.

94 1987 252 2050 Quapropter,
264 2006 278 2036 a
290 1997 375 2037 natura
392 1989 451 2037 mihi
463 1990 555 2037 videtur
571 1989 657 2052 potius,
669 2005 742 2051 quam
759 1991 789 2038 ab
806 1989 946 2050 indigentia,

60 2063 111 2100 orta
130 2055 241 2112 undeinn,
262 2064 286 2103 et
304 2056 461 2118 applicatione
483 2055 560 2116 magis
578 2055 652 2104 animi
675 2073 731 2105 cum
749 2057 853 2118 quodam
873 2073 946 2106 sonan

60 2122 163 2176 amandi,
173 2138 245 2184 qnam
257 2122 406 2182 cogitatione,
416 2131 534 2185 quantum
544 2123 586 2171 illa
594 2139 631 2171 res
643 2123 750 2171 utilitatis
759 2135 820 2171 esset
831 2123 946 2173 habitura.

61 2187 133 2246 Quod
146 2189 242 2250 quidem
259 2191 328 2251 quale
346 2189 383 2247 sit,
401 2191 473 2238 etiarn
491 2190 515 2237 in
534 2189 614 2237 bestiis
631 2189 772 2251 quibusdam
791 2190 946 2239 animadverti

60 2262 150 2316 potest,
168 2271 221 2316 quae
232 2272 262 2304 ex
275 2273 300 2304 se
318 2266 386 2304 natos
397 2257 430 2304 ita
442 2264 523 2305 amant
540 2256 570 2304 ad
582 2256 700 2319 quoddam
717 2265 819 2319 ternpus,
830 2265 854 2304 et
866 2259 895 2304 ab
911 2258 946 2306 eis

59 2321 93 2369 ita
110 2332 226 2377 amantur,
238 2333 266 2371 ut
277 2323 346 2371 facile
363 2340 445 2372 earum
462 2339 547 2371 sensus
565 2329 690 2385 appareat:
708 2323 779 2385 quod,
797 2324 823 2371 in
841 2324 945 2380 homine,

59 2390 135 2436 multo
147 2399 183 2436 est
194 2389 341 2438 evidentIus:
359 2391 470 2453 primurn,
482 2406 513 2438 ex
524 2406 552 2438 ea
569 2390 672 2448 caritate,
683 2407 736 2452 quas
753 2400 789 2439 est
803 2390 945 2440 internatas

59 2462 83 2502 et
95 2465 204 2517 parentes
215 2473 220 2513 ;
233 2473 285 2519 quae
294 2457 379 2514 dirimi,
388 2457 435 2505 nisi
446 2457 575 2505 detestabili
584 2458 677 2514 scelere,
686 2473 735 2505 non
748 2465 840 2520 potest:
853 2459 945 2514 deinde,

59 2537 116 2570 cum
129 2522 212 2569 similis
230 2540 314 2571 sensus
326 2525 416 2573 exstitit
433 2523 525 2581 amoris,
538 2524 558 2571 si
569 2524 673 2585 aliquem
691 2523 754 2571 nacti
772 2542 862 2581 sumus,
875 2527 945 2589 cujus

59 2604 116 2636 cum
128 2589 232 2636 moribus
243 2599 267 2638 et
284 2601 368 2639 natura
380 2608 547 2653 congruamus,
559 2592 623 2653 quod
635 2591 661 2639 in
678 2606 707 2639 eo
719 2591 787 2653 quasi
805 2593 886 2639 lumen
904 2593 945 2641 ali-

59 2655 122 2716 quod
135 2657 256 2717 probitatis
267 2666 291 2705 οι
303 2658 395 2706 virtutis
407 2658 537 2721 perspicere
550 2658 680 2706 videamur.

92 2721 160 2770 Nihil
173 2733 209 2770 est
224 2724 289 2772 enim
307 2725 432 2774 amabilius
444 2725 545 2780 virtum
562 2724 630 2781 nihil,
643 2724 706 2786 qnod
723 2723 799 2784 magis
817 2724 903 2772 alliciat
914 2726 944 2774 ad

58 2787 222 2848 diligendum:
251 2791 339 2854 qnippe
359 2809 422 2849 curn,
446 2800 539 2854 propter
555 2793 667 2840 virtutem
689 2799 712 2839 et
735 2791 881 2852 probitatem,
903 2808 945 2840 aaa

58 2854 137 2912 etiarn,
157 2873 216 2917 qnos
233 2873 358 2920 nunquam
376 2859 485 2916 vidimus,
505 2860 608 2921 quodam
625 2858 696 2906 modo
713 2858 846 2918 diligamus.
881 2859 944 2917 Quis

58 2929 101 2978 est,
114 2922 154 2984 qui
168 2922 196 2972 0.
209 2925 318 2983 Fabricii
331 2925 366 2973 Μ’
379 2925 455 2983 Curii,
467 2941 517 2972 non
534 2942 588 2973 curn
601 2925 697 2973 caritate
713 2925 792 2988 aliqua
809 2934 832 2972 et
844 2927 943 2973 benevo-

57 2989 131 3036 lentia
148 2991 287 3040 memoriam
303 3001 408 3055 usurpet,
426 3008 486 3055 quos
503 3008 628 3054 nunquam
645 2992 746 3040 videritt
783 2992 846 3051 Quis
863 3000 942 3041 autern

57 3064 100 3112 est,
119 3057 160 3118 qui
177 3058 337 3120 Tarquinium
355 3060 497 3122 Superbum,
515 3058 556 3120 qui
574 3058 616 3122 Sp.
629 3057 748 3115 Cassium,
766 3058 808 3120 Sp.
827 3059 941 3117 Maelium,

56 3138 107 3170 non
120 3124 209 3172 aderiti
247 3124 312 3174 Cum
323 3127 416 3175 dnobus
427 3126 528 3174 ducibus
536 3126 565 3173 do
576 3125 675 3189 imperio
684 3125 708 3173 in
721 3125 788 3172 Italia
796 3125 940 3174 decertatum

56 3198 99 3247 est,
112 3191 205 3254 Pyrrho
216 3200 240 3240 et
255 3193 405 3241 Hannibale:
424 3195 453 3241 ab
465 3194 544 3249 altero,
555 3200 649 3255 propter
666 3191 805 3255 probitatem
821 3193 879 3255 ejus,
891 3208 940 3242 non

55 3256 129 3304 nimis
146 3259 236 3307 alienos
257 3261 349 3308 animos
374 3260 503 3309 habemus:
529 3261 636 3317 alterum,
656 3265 752 3323 proptor
771 3258 940 3318 crudelitatem,

55 3339 150 3389 semper
161 3325 211 3374 haec
223 3325 305 3375 civitas
316 3326 398 3374 oderit.

469 3397 528 3452 2³*
