2054 3946
68 172 123 227 166
388 165 434 211 ou
453 163 630 211 orrrcns.

65 285 142 333 esset
162 274 246 341 boni;
268 282 418 350 propterea
439 284 467 331 et
488 275 545 331 otio
567 274 654 340 fruor,
670 292 729 330 nou
752 272 803 331 illo
823 272 938 345 quidem,

66 374 123 428 quo
138 353 238 410 debeat
259 355 283 409 is
305 354 354 425 qui
368 354 511 425 quondam
534 354 692 429 peperisset
711 353 806 411 otium
826 352 941 421 eivitatit

66 453 119 492 nec
134 453 197 489 eam
212 434 395 490 solitudinem
408 434 541 508 languere
558 434 658 509 patior,
674 451 763 505 quam
776 433 851 490 mihi
865 430 943 491 adteri

67 513 230 578 necessitas,
248 532 304 570 non
320 513 458 569 voluntas.

107 594 285 662 Quamquam
301 592 450 649 Africanus
466 592 601 667 majorem
623 589 739 647 laudem
759 610 829 649 ineo
845 590 946 667 judicio

68 672 279 741 assequebatur.
332 671 420 727 Nulla
445 672 522 727 enim
550 672 612 747 ejus
633 670 743 745 ingenii
769 682 948 729 monumenta

68 751 450 817 mandatalitcris,1mllum
477 769 549 825 opus
571 750 632 817 otii,
653 750 765 807 nullum
790 750 948 809 solitudinis

68 847 171 885 mimus
193 840 294 885 exstat.
336 830 385 887 Ex
406 849 463 901 quo
484 830 604 907 intelligi
629 828 723 894 debet,
745 829 831 887 illum
852 828 949 887 mentis

68 909 229 984 agitatione,
251 910 525 985 investigationeque
543 928 642 966 earnm
667 927 764 965 rerum
787 928 860 981 quas
881 908 950 985 cogi·

68 987 152 1044 tando
167 988 402 1059 consequebatur,
415 1007 507 1059 neque
521 989 645 1045 otiosum
654 1006 708 1044 nee
722 988 820 1045 solum
832 1006 951 1061 unquam

68 1068 167 1124 fuisse.
210 1068 273 1124 Nos
288 1079 392 1134 autem,
408 1069 456 1139 qui
471 1086 528 1124 nou
543 1077 651 1124 tautum
672 1067 785 1123 roboris
807 1066 949 1133 habemus.

68 1158 99 1203 ut
119 1148 289 1222 cogitatione
311 1148 394 1203 tacita
408 1167 424 1203 a
438 1146 590 1203 solitudine
611 1146 820 1212 abstrahamur,
835 1146 870 1203 ad
885 1146 951 1205 haue

68 1226 209 1283 scribendi
225 1245 341 1301 operam
352 1245 436 1283 omne
446 1225 570 1282 studium
585 1243 740 1297 curamque
750 1226 950 1283 convertimus.

69 1306 168 1378 ltaque
184 1306 265 1381 plura
284 1306 363 1362 brevi
377 1319 504 1380 tempore
518 1324 627 1371 eversa,
643 1323 731 1377 quam
751 1305 853 1363 multis
873 1306 949 1363 anub

69 1396 160 1442 stante
175 1384 329 1461 republica,
346 1386 524 1461 scripsimus.

71 1529 161 1588 CAP.
178 1530 216 1587 ll.
243 1528 357 1598 Quidue
377 1529 582 1587 invitamentis
593 1529 700 1607 filium
726 1529 829 1591 Cicero
842 1528 951 1609 adplrt'·

345 1609 480 1686 sophiam
494 1609 676 1667 adhortetur.

110 1723 172 1780 Sic-n
198 1742 261 1779 cum
288 1732 346 1779 tota
366 1723 559 1798 philosophia,
574 1723 615 1779 mi
636 1721 752 1790 Cicero,
774 1723 911 1800 frugifera
926 1730 952 1781 et

71 1804 223 1868 fructuosa,
238 1821 290 1859 neo
304 1803 362 1858 ulla
375 1822 440 1878 pars
453 1804 514 1878 ejus
526 1803 632 1859 inculta
645 1822 678 1858 ac
692 1800 806 1860 deserta
818 1804 876 1871 sit;
898 1812 951 1859 tum

70 1883 165 1940 nullus
187 1881 307 1937 feracior
328 1882 357 1937 in
379 1901 413 1938 ea
431 1883 511 1938 locus
532 1893 584 1948 est,
600 1901 653 1938 nec
674 1882 799 1949 uberior,
814 1902 901 1955 quam
919 1880 951 1939 de

73 1961 219 2024 officiiS,a
240 1962 342 2031 quibus
368 1972 528 2017 coristanter
550 1962 727 2032 honesteque
748 1961 867 2019 vivendi
887 1978 951 2037 prte-

72 2050 155 2115 cepta
169 2038 317 2096 ducuntur.
360 2042 454 2105 Qirare
470 2058 640 2111 quamquam
655 2060 672 2095 a
686 2040 827 2116 Cratippo
848 2052 951 2105 nostro,

73 2119 201 2196 principe
223 2118 307 2194 hujus
330 2121 472 2176 memoria
487 2120 753 2195 philosophorum*
770 2121 833 2178 haec
847 2130 875 2177 te
889 2118 953 2177 assi·

73 2199 128 2256 due
155 2197 250 2253 andire
272 2210 354 2269 atque
377 2200 504 2274 accipere
532 2197 655 2264 confido,
675 2210 770 2255 tamen
797 2200 952 2257 conducere

74 2279 202 2342 arbitror,
217 2278 318 2333 talibus
340 2297 420 2334 aures
443 2292 503 2334 tuas
519 2280 634 2334 vocibus
656 2278 782 2349 undique
804 2279 954 2335 circumso-

75 2376 162 2423 nare;
185 2376 236 2412 nee
251 2376 308 2422 eae,
324 2358 348 2412 si
364 2358 426 2414 fieri
440 2360 540 2432 possit,
557 2357 710 2429 quidquam
727 2356 805 2413 aliud
818 2358 925 2414 audire.

115 2436 199 2502 Quod
213 2456 277 2492 cum
292 2437 424 2492 omnibus
440 2449 483 2493 est
496 2436 666 2503 iaciendum,
682 2437 731 2508 qni
746 2437 835 2492 vitam
856 2437 956 2494 hones·

75 2529 131 2573 tam
144 2515 253 2590 ingredi
268 2517 402 2590 cogitant,
419 2527 477 2572 tum
492 2517 567 2573 haud
582 2518 652 2581 scio,
669 2535 703 2573 an
718 2515 843 2577 nemini†
865 2516 955 2591 potius

76 2616 162 2668 quam
176 2594 235 2651 tibi.
278 2596 409 2652 Sustiues
423 2597 499 2652 enim
513 2616 570 2652 uon
585 2615 699 2671 parvam
714 2596 954 2670 exspectationem

414 2754 565 2799 CHAPTER
582 2755 612 2799 11.

110 2849 123 2876 t
135 2839 338 2909 Philosophorum.
372 2839 404 2883 Al
413 2839 518 2900 thedoad
526 2840 553 2895 (ff
561 2840 597 2884 tte
608 2840 768 2936 philosophema
780 2839 809 2902 {ff
820 2840 859 2885 ine
920 2840 958 2885 or

76 2895 129 2947 (luy.
163 2894 243 2935 breem
256 2893 303 2936 will
315 2895 356 2952 not
372 2897 415 2953 put
433 2892 482 2934 him
495 2905 524 2934 on
537 2906 551 2935 a
564 2894 612 2936 leve
633 2895 689 2936 wtth
702 2894 741 2936 the
754 2894 866 2949 philosop
882 2905 919 2937 ers
931 2892 958 2936 ol

76 2945 201 3007 nutiqnity,
212 2945 309 3009 though,
321 2944 360 2989 hb.
372 2945 395 2989 ri.
411 2957 431 2989 c.
448 2946 469 2997 2,
482 2944 520 2988 the
537 2946 692 2999 complimeut
711 2946 731 2988 is
750 2946 808 3001 paid
826 2951 851 2991 to
868 2946 919 2991 him
933 2956 959 2989 us

76 2998 347 3105 besshllitiiiimhl'hiis,
360 3050 423 3094 libi.
436 3052 481 3105 Ep.
496 3053 515 3094 l.
527 3050 556 3093 ad
569 3050 596 3111 Q.
608 3052 642 3102 F,
660 3053 714 3095 “Ut
729 3051 771 3095 tibi
784 3052 845 3096 tanti
862 3052 959 3096 bonores

74 3101 319 3213 lffiplpppetgp'gppppti
330 3103 393 3148 baud
404 3103 454 3148 scio
471 3116 502 3147 an
519 3103 635 3148 ncmmi.'’
670 3104 728 3150 This
745 3105 765 3149 is
782 3106 920 3161 equivalent
935 3106 958 3149 to
