2054 3946
345 483 416 528 uia.
433 482 453 527 1.
486 481 663 527 cccxix,
916 491 953 545 55

68 590 119 664 qui
132 589 306 648 fortitudinis
320 591 438 668 gloriam
450 602 621 650 consecutus
636 600 690 658 est,
705 591 816 649 insidiis
832 602 860 649 et
874 593 954 650 mali·

69 673 118 738 tia,
133 670 248 728 laudem
263 680 306 727 est
320 669 449 746 adeptus.
492 672 576 729 Nihil
596 671 748 729 honesturn
769 691 834 729 esse
848 684 952 750 potest,

68 749 148 824 quod
165 750 278 827 justitia
292 761 381 807 vacat.

109 829 284 888 Praeclarum
300 828 386 905 igitur
406 828 654 888 illudPlatonis*
696 831 765 888 Non
786 831 890 897 solum,
911 831 954 888 iu·

70 909 143 982 quit,
168 908 299 976 scientia,
325 927 389 981 quae
416 921 460 965 cst
484 919 594 966 remota
618 911 652 967 ab
669 910 790 986 justitia,
814 911 953 967 calliditas

71 988 169 1064 potius
190 1007 275 1060 quam
304 988 444 1064 sapientia
465 998 509 1045 est
529 989 716 1063 appellanda:
747 1009 844 1047 rerum
868 991 953 1046 etiam

71 1067 200 1129 animus†
215 1075 328 1147 paratus
350 1066 384 1124 ad
405 1068 574 1143 periculum,
596 1070 622 1125 si
643 1087 695 1125 sua
716 1068 879 1144 cupiditate,
896 1088 954 1127 uon

70 1147 192 1204 utilitate
219 1147 364 1203 communi
391 1147 556 1221 impellitur,
580 1147 703 1205 audaciae
731 1150 827 1222 potius
849 1168 955 1207 nomer.

70 1225 174 1284 habeat
194 1244 279 1298 quam
300 1225 483 1283 fortitudinis.
525 1226 623 1298 ltaque
638 1227 715 1289 vires
734 1228 821 1284 fortes
836 1239 864 1284 ct
878 1247 954 1305 inag-

71 1305 215 1372 nanimoS,
230 1304 347 1362 eosdem
368 1306 459 1362 bonos
482 1316 510 1362 et
526 1307 683 1382 simplices,
699 1308 824 1364 veritatis
846 1309 953 1364 amicos

71 1386 249 1457 minimeque
264 1385 377 1441 fallaces
393 1385 620 1443 essevolumus:
644 1405 708 1459 quae
722 1399 789 1444 sunt
802 1406 840 1444 ex
859 1387 955 1443 media

70 1464 308 1541 laude‡justitiae.

109 1543 170 1602 Sed
184 1542 255 1600 illud
270 1543 401 1600 odiosum
423 1554 476 1611 esi,
492 1543 569 1616 quod
583 1545 613 1602 iu
626 1545 679 1602 hac
700 1546 822 1602 elatione
837 1555 865 1602 et
878 1565 955 1622 mag·

70 1623 201 1681 nitudiuc
216 1623 304 1680 animi
325 1622 460 1680 facillime
480 1625 635 1698 pertinacia
656 1635 684 1680 et
704 1627 793 1682 nimia
813 1626 953 1700 cupiditas

69 1704 250 1779 principatus
271 1703 436 1759 innascitur.
480 1703 520 1761 Ut
541 1705 616 1760 enirn
639 1705 713 1779 apud
735 1706 883 1762 Platonem
900 1714 953 1772 esi,

69 1801 187 1840 omnem
210 1801 319 1839 rnorem
340 1781 639 1856 Lacedaemoniorum
660 1784 867 1840 inflammatum
889 1803 953 1841 esse

70 1861 227 1938 cupiditate
243 1861 392 1918 vincendi:
416 1861 458 1918 sic
473 1864 639 1934 utquisque
654 1864 742 1920 animi
759 1862 953 1938 magnitudine

69 1941 351 2048 maximeiexcellet,
373 1941 412 1997 ita
433 1943 557 1999 maxime
580 1943 639 1999 vult
659 1943 792 2019 princeps
814 1944 952 2010 omniurn,

105 2122 117 2150 *
129 2114 196 2161 illud
207 2115 324 2160 Placete.
357 2115 385 2160 In
400 2115 511 2170 Epitapir.
528 2118 584 2156 raet
595 2133 618 2159 πε
627 2119 732 2166 ἐπιστήμη
741 2119 878 2174 χωριζομένη
887 2116 953 2161 dirar-

69 2171 147 2218 οπῦνης
156 2169 192 2211 roi
201 2172 239 2216 τῆς
249 2164 316 2217 ἄλλης
329 2167 410 2218 ἀρετῆς,
420 2170 545 2230 πανουργία,
556 2167 579 2208 οὐ
589 2169 660 2220 σοφία,
670 2170 776 2220 pulverei.

103 2219 120 2275 †
132 2217 246 2263 narniae.
279 2219 308 2260 ln
319 2218 357 2260 tho
366 2219 472 2272 writings
481 2222 504 2262 ut
518 2218 583 2262 Plato
594 2230 649 2260 now
661 2223 790 2267 extunt‚no
802 2229 902 2271 passage
911 2215 954 2260 has

71 2272 133 2317 been
146 2270 282 2315 discovered
295 2271 322 2313 of
337 2270 382 2313 this
400 2277 469 2316 exact
481 2271 583 2328 impert:
601 2273 650 2316 One
668 2283 757 2326 occurs,
768 2271 927 2326 approaching
937 2270 954 2314 it

70 2326 96 2370 in
109 2336 186 2368 sense.
222 2325 250 2366 ln
262 2324 397 2368 Lachete-

96 2377 156 2429 Ἐγὼ
166 2375 188 2418 δὲ
197 2373 285 2426 ἀνδρίας
294 2376 331 2427 μὶν
340 2377 374 2417 καὶ
390 2377 517 2427 προμηθείας
533 2377 586 2418 πάνυ
605 2377 662 2418 τισὶν
678 2376 762 2428 ὀλίγοις
777 2371 836 2427 οἶμαι
865 2378 952 2422 ereinuc.

72 2424 235 2476 cicatricosae
244 2427 279 2466 roi
289 2424 368 2476 τόλμης
372 2427 409 2486 grui
418 2429 455 2467 ποῦ
462 2424 545 2478 ἀφόβου
551 2425 810 2486 μιτᾰάπρομηθείαςῒπάνν
819 2393 909 2470 πολλοῖς
919 2429 953 2466 rol

72 2475 162 2526 ἀνδρῶν,
172 2476 207 2516 καὶ
221 2476 334 2525 γυναικῶν,
344 2488 379 2514 rut
389 2473 476 2524 παίδων,
486 2478 520 2517 rui
534 2476 620 2526 θηρίων.
648 2478 722 2516 Ταῦτα
730 2487 771 2516 'oar
781 2473 794 2514 i
803 2475 829 2516 σι)
838 2474 911 2520 καλεῖς
920 2475 953 2515 ἁν-

72 2524 135 2576 δρεῒα
150 2525 185 2565 καὶ
195 2521 215 2564 oi
224 2522 306 2572 πολλοὶ,
317 2523 326 2563 ὲ
343 2522 446 2573 &liparia
454 2524 519 2566 καλῶ.

105 2578 118 2625 ss
157 2539 358 2616 remcdr'ulcudc.
397 2571 478 2617 Wdr'elr
496 2584 536 2618 ure
556 2572 636 2624 perula
653 2571 680 2614 r'n
698 2583 714 2614 u
733 2571 815 2614 rrun’r
830 2570 954 2618 character.

72 2625 174 2680 bearing
185 2636 218 2668 urz
229 2625 338 2669 indirecte
354 2624 454 2669 rclniion
471 2627 494 2672 lo
504 2625 602 2682 jicrir'ce.
635 2624 762 2670 Faccr’olutt
780 2624 954 2678 interpretare

70 2679 80 2723 i
96 2692 122 2725 ro
136 2678 246 2732 justitiae
260 2677 350 2733 frendo.
384 2679 406 2721 A
423 2679 538 2726 scholiast
555 2691 586 2723 ou
606 2691 652 2722 ono
668 2679 745 2722 ottho
761 2679 828 2721 MSS.
847 2677 904 2720 used
922 2676 954 2731 by

95 2732 216 2786 accinge.
234 2742 266 2774 ex
284 2731 371 2776 intima
388 2731 459 2775 brcdc
468 2731 583 2786 juditia.
617 2734 639 2776 A
657 2732 746 2776 similar
762 2731 899 2784 expression
916 2741 954 2791 0c5

71 2797 126 2830 curs
145 2785 170 2829 iu
194 2787 272 2837 Bruto,
290 2797 309 2828 c.
328 2785 365 2834 97,
382 2785 594 2830 “adolescentiam
630 2798 656 2828 er
673 2784 763 2829 medias
780 2784 869 2833 landos,
887 2795 954 2836 quasi

88 2838 194 2892 uadrigis
206 2838 357 2881 vehentem.’'
391 2838 447 2882 And
459 2838 499 2882 lib.
510 2839 542 2884 ix.
554 2839 584 2883 ad
625 2839 691 2882 ivers.
708 2852 746 2892 ep.
763 2838 784 2888 8,
802 2837 889 2880 “Nosti
902 2848 954 2889 pro-

70 2853 133 2990 ἔξω
146 2905 173 2953 os
181 2889 234 2963 ‚ejus
242 2890 429 2935 adolescentioris
440 2892 584 2937 Academia:
602 2903 633 2936 ex
647 2905 676 2936 co
686 2891 758 2946 igitur
775 2889 859 2942 media,
869 2889 954 2932 excita·

118 2957 180 2989 mrsr.
657 2951 660 2957 ’

106 2997 228 3052 §Morem
240 2996 478 3042 Laceuaemcnrorcm.
512 2998 563 3044 The
579 2998 684 3042 national
701 2997 769 3053 spirit
778 2996 812 3057 'of
826 2995 865 3038 the
882 2996 955 3039 Lace·

70 3050 228 3096 demonians:
246 3050 284 3093 llic
296 3049 392 3103 passion
405 3051 439 3093 for
450 3051 538 3108 victory
546 3065 596 3096 was
605 3052 687 3096 rootcd
699 3051 723 3094 iu
736 3049 796 3093 their
808 3049 909 3090 breasts:
922 3048 952 3092 all

70 3105 131 3150 their
141 3103 218 3148 habits
230 3102 317 3147 tendcd
334 3107 358 3147 to
370 3103 466 3148 iudame
475 3104 500 3148 it.
533 3106 583 3150 The
600 3117 700 3160 passage
712 3104 740 3146 os
753 3103 819 3146 Plato
834 3112 915 3144 occurs
928 3101 952 3145 in

69 3157 180 3204 Lac'nete.
192 3170 250 3200 near
262 3156 301 3199 the
314 3155 449 3207 beginning.
480 3157 532 3199 'Ori
548 3173 606 3211 οιμπι
623 3158 665 3210 ἐγὼ
680 3158 749 3203 τοῦτο,
759 3154 780 3196 ci
796 3168 816 3195 rr
831 3150 861 3204 ἦν,
876 3153 913 3195 οὐκ
926 3154 953 3196 ἃν

69 3210 184 3258 λεληθέναι
196 3208 376 3260 Λακεδαιμονίους
389 3201 422 3254 οἷς
437 3208 497 3251 οὐδὲν
507 3205 560 3249 ἄλλο
575 3208 633 3258 μέλει
649 3207 670 3248 ἐν
680 3201 761 3260 rddidi
777 3203 863 3266 ἰλ-τοῦτο
877 3205 953 3295 {ursis

69 3260 104 3300 rui
115 3258 246 3306 ἐπιτηδεύειν
254 3260 288 3301 ὅτι
299 3256 325 3299 ἂν
334 3257 481 3309 μαθόντες,καῖ
490 3256 668 3305 ίπιπηδεῦσαντες,
675 3254 821 3310 πλεονειςποιεν
831 3269 872 3295 πων
893 3253 953 3295 λλων

69 3309 118 3359 περὶ
128 3311 168 3349 πᾶν
177 3308 275 3349 riolcurt.
310 3308 331 3350 A
343 3306 410 3349 short
421 3319 521 3361 passage
539 3307 581 3350 lias
599 3307 649 3349 also
667 3304 724 3346 been
742 3303 804 3346 cited
822 3302 852 3358 by
863 3307 952 3347 Grono-

69 3361 132 3408 vius,
143 3369 170 3400 as
181 3358 255 3412 likely
263 3363 288 3402 to
301 3358 359 3403 have
372 3359 429 3403 boen
440 3360 538 3404 referred
550 3364 574 3402 to
585 3357 617 3413 by
628 3358 721 3401 Cicero:

100 3427 147 3468 'rur
156 3425 277 3476 φιλόνεικον
286 3427 321 3468 rui
330 3425 450 3478 φιλότιμον,
460 3428 513 3468 κατὰ
523 3429 561 3474 την
570 3426 697 3472 Λακωνικὴν
707 3424 800 3467 ἕοιπῶπο
810 3424 928 3467 πολιτείαν.

65 3491 115 3534 But
125 3490 165 3533 rue
175 3490 264 3535 rbrmer
275 3505 324 3536 was
335 3504 402 3538 more
414 3492 530 3552 probably
542 3492 571 3539 in
581 3485 686 3539 Cicero's
694 3489 854 3537 recollection„
