2054 3946
341 492 414 538 LIII.
430 490 484 536 III.
517 490 597 536 CAP.
614 490 698 536 XIII.
900 497 952 550 191

70 650 162 709 cAP.
178 648 261 707 XIII.
286 646 454 707 Secundum
467 647 652 724 exemplum:
674 646 834 707 venditoris
847 646 955 706 aedium

400 727 619 805 peatilentium.

109 842 207 900 Vinus
235 842 265 899 in
296 841 351 898 hac
377 851 435 899 tota
463 841 668 917 disceptatione
697 860 754 899 non
783 841 852 898 illud
877 841 954 909 dici;

68 922 211 989 Quamvis
235 921 290 978 hoo
315 931 396 996 turpe
419 922 465 987 ait,
489 933 593 989 tamen,
610 921 744 994 quoniam
770 921 895 996 expedit,
916 923 956 978 fa·

68 1003 163 1059 eiam:
188 1000 238 1057 scd
260 1000 299 1056 ita
319 1000 464 1075 expedire,
487 1011 516 1057 ut
540 1014 621 1075 turpe
646 1019 704 1058 non
730 1002 784 1056 sit:
812 1021 847 1058 ex
871 1002 956 1057 altera

68 1092 165 1139 autern
180 1093 269 1156 parte,
282 1098 316 1135 ea
329 1085 388 1146 re,*
403 1081 471 1151 quia
485 1094 565 1155 turpe
577 1081 624 1147 sit,
637 1099 694 1137 non
706 1099 769 1136 esse
784 1080 953 1137 faciendum.

110 1160 226 1217 Vendat
240 1159 316 1215 aedes
331 1159 478 1216 virbonus
497 1170 612 1235 propter
627 1160 721 1231 aliqua
735 1161 803 1215 vitia
817 1179 879 1231 quaa
894 1161 956 1236 ipse

69 1239 157 1306 uerit,
180 1239 268 1296 ceteri
295 1239 445 1313 ignorent;
475 1240 640 1313 pestilentes
665 1240 732 1304 sint,
753 1250 781 1294 et
801 1239 957 1295 habeantur

70 1319 218 1377 salubres:
249 1319 403 1394 ignoretur,
426 1320 456 1375 in
484 1317 616 1375 omnibus
649 1319 787 1375 cubiculis
821 1337 957 1393 apparere

70 1407 238 1473 serpentes:
266 1398 340 1454 male
364 1399 515 1454 materiatae
543 1399 618 1464 sint;
646 1399 788 1463 ruinosae;
818 1398 867 1454 sed
890 1398 956 1465 hoc,

72 1490 174 1553 proeter
188 1477 347 1542 dominum,
364 1496 447 1534 nemo
468 1477 548 1533 sciat.
591 1477 705 1543 Quaero,
720 1477 745 1532 si
767 1477 827 1533 brec
842 1479 955 1534 emtori-

71 1556 126 1613 bus
150 1555 280 1613 venditor
304 1575 361 1612 non
388 1556 501 1623 dixerit,
525 1555 657 1628 aedesque
682 1556 839 1613 vendiderit
866 1556 956 1632 pluris

72 1635 173 1703 multo,
189 1654 273 1707 quam
295 1654 326 1691 se
348 1635 525 1693 venditunrm
547 1637 660 1712 putarit,
677 1654 744 1692 num
760 1634 821 1714 [id]
838 1636 956 1712 injustel

73 1724 121 1773 ant
133 1716 264 1790 improbe
279 1714 385 1771 fecerit.

110 1793 164 1853 Ille
179 1801 275 1867 vero,‡
296 1794 388 1865 inquit
408 1795 565 1870 Antipater.
608 1792 685 1860 Quid
706 1804 750 1849 est
769 1795 845 1850 enim
868 1794 954 1861 aliud,

73 1873 176 1931 emanti
191 1875 267 1930 viam
282 1892 338 1930 non
355 1884 520 1938 monstrare,
532 1873 607 1945 qnod
622 1873 743 1930 Athenis
755 1874 956 1931 exsecrationi·

73 1952 124 2013 bus
139 1953 279 2028 publicis§
296 1964 424 2009 sanctum
439 1965 491 2019 est,
503 1955 527 2009 si
542 1954 597 2010 hoe
611 1971 669 2010 non
684 1963 736 2017 est,
747 1963 884 2008 emtorem
897 1954 954 2028 pati

72 2050 165 2099 ruere,
179 2042 209 2088 et
222 2051 273 2108 per
285 2051 408 2089 errorem
424 2033 452 2088 in
467 2033 621 2089 maximam
643 2031 768 2088 fraudem
791 2033 954 2089 incurreret

72 2110 143 2171 Plus
158 2112 244 2168 etiam
259 2121 312 2178 est,
328 2131 412 2183 quam
435 2113 509 2168 viam
531 2131 587 2168 non
609 2122 774 2167 monstrare.
818 2113 894 2168 Nam
912 2123 957 2169 est

73 2192 226 2260 seientemlt
253 2191 284 2247 in
312 2209 445 2257 errorem,
467 2192 584 2248 alterum
613 2190 756 2247 inducere.
809 2190 955 2268 Diogenes

73 2281 188 2329 eontra:
212 2270 290 2327 Nurn
308 2280 334 2326 te
349 2288 443 2326 emere
458 2271 561 2345 coegit,
577 2271 626 2342 qui
641 2289 676 2327 ne
691 2270 817 2326 hortatus
839 2270 955 2343 quidem

72 2351 140 2407 eat?
182 2348 245 2415 Ille,
259 2348 336 2420 quod
357 2368 414 2406 non
436 2349 573 2424 placebat,
589 2350 757 2424 proscripsit
768 2353 799 2418 :ll
824 2367 863 2416 tu,
879 2350 955 2422 quod

72 2430 214 2506 placebat,
237 2429 341 2485 emisti.
397 2428 480 2494 Quod
506 2429 530 2485 si
557 2431 606 2500 qui
633 2431 812 2503 proscribunt
847 2449 955 2487 vanarn

71 2526 175 2569 nonan
200 2526 339 2571 sennenn
363 2525 566 2575 morrrenrnn,
586 2527 643 2565 non
668 2510 866 2566 existimantur
889 2510 956 2566 fese-

29 2664 33 2679 ,
71 2588 153 2655 lisse,
169 2588 294 2644 etiamsi
309 2588 358 2645 illa
371 2606 424 2645 nec
440 2589 515 2644 bone
529 2597 582 2654 est,
596 2607 648 2645 nec
670 2587 806 2645 aedificata
827 2590 933 2646 ratione
947 2608 955 2656 ς

399 2716 551 2761 CHAPTER
566 2717 632 2761 XIII.

70 2792 120 2885 be:
131 2786 171 2831 Eu
181 2796 214 2831 re.
250 2784 286 2829 On
302 2784 352 2830 tuat
369 2786 468 2831 account
475 2803 486 2837 ‚·
504 2784 547 2830 bnt
565 2784 615 2830 that
631 2786 650 2830 it
665 2785 693 2845 is·
703 2785 852 2840 disgracetul,
862 2783 904 2829 has
915 2788 956 2829 not

115 2852 132 2885 n
146 2838 268 2948 dllidjili'te.
302 2892 331 2936 In
340 2903 387 2935 one
394 2893 445 2936 MS.
454 2890 506 2936 itis
518 2890 630 2936 omitted:
648 2891 673 2937 in
682 2892 770 2937 several
778 2890 956 2947 earlyeditions,

70 2944 175 3002 tatem
183 2945 229 2990 eut
240 2945 350 2999 improbe.

105 3005 118 3050 ‡
136 3000 210 3049 Vero,·
227 2998 343 3061 particula
355 3000 390 3042 est
400 2997 546 3059 affinnantis.
567 2999 648 3060 lace.

108 3051 250 3106 §Publicae
284 3051 360 3095 These
375 3051 455 3147 public
473 3055 619 3114 execratione
637 3063 698 3095 were
715 3049 869 3106 pronouneed
885 3049 955 3093 when

70 3104 173 3214 hugum
187 3105 284 3202 lumpero
301 3116 378 3148 assem
394 3104 440 3158 led,
451 3103 483 3160 by
495 3104 534 3149 the
550 3108 633 3160 priests
651 3105 678 3148 of
693 3103 733 3150 the
751 3104 850 3148 beroldo.
884 3102 956 3147 Atho·

260 3226 720 3367 etateerrrttrupna„

262 3324 291 3366 'H
299 3327 339 3376 πῦρ
349 3325 437 3375 travae,
447 3325 460 3373 ἢ
470 3322 578 3375 tractarat
615 3337 650 3375 ωρ,
660 3338 678 3365 rr.
689 3338 708 3364 r.
718 3304 737 3365 l

131 3403 257 3450 Sclenton.
293 3407 333 3458 Te,
346 3406 496 3450 understood.
829 3439 834 3451 .

131 3457 281 3513 Pramum.
315 3462 351 3514 By
359 3459 405 3503 this
416 3464 475 3503 term
487 3461 506 3503 is
516 3463 603 3512 meant,
610 3458 649 3503 the
659 3458 758 3514 affixmg
770 3470 802 3502 on
815 3455 919 3511 aheneo,
928 3463 955 3499 or

71 3508 137 3557 other
148 3510 233 3567 object,
244 3524 259 3556 a
270 3512 362 3558 written
374 3513 446 3559 tr'cket
457 3512 615 3570 annonaelng
625 3511 708 3558 tbat'it
716 3514 740 3558 ls
749 3523 784 3557 on
791 3511 853 3557 sala.
