2054 3946
327 452 403 501 LIB.
426 452 482 498 111.
516 452 597 499 CAP.
622 453 708 500 XXV.
891 460 951 515 219

59 610 158 672 otu.
174 609 272 669 XXV.
294 607 366 668 Non
380 628 464 668 omne
482 610 665 688 promissum
678 628 740 668 esso
762 609 951 677 seruandum,

169 707 262 767 neque
276 688 441 767 depositum
454 708 566 767 semper
581 689 761 749 reddendum
776 708 845 747 esse.

105 803 151 862 Ao
166 821 203 861 ne
217 803 266 860 illa
280 801 395 875 quidem
416 803 559 878 promissa
572 802 710 859 servanda
724 813 799 870 sunt,
814 820 876 875 quae
895 820 951 859 non

61 882 183 941 nuntiis
198 883 269 959 ipsis
283 883 375 949 utilia,
390 883 494 954 quibus
511 880 592 960 [illa]
608 882 785 959 promiseris.

378 990 421 1040 sot
432 990 562 1040 Phaetonti
573 991 630 1051 lilio,

64 1083 96 1131 ut
108 1072 258 1131 redeamus
272 1072 307 1130 ad
321 1073 441 1142 fabulas,

155 1183 288 1233 Facturum
299 1185 398 1233 nedixit
409 1201 467 1243 esse,
479 1184 595 1250 quidquid
607 1187 723 1249 optasset‘
740 1185 812 1250 [sibi]

155 1250 191 1300 Ut
201 1267 272 1301 curru
282 1250 368 1319 patri'†
380 1254 507 1311 tolleretur,
519 1252 616 1316 optavit.
650 1252 764 1301 Sublatus
776 1261 818 1301 est.

156 1318 238 1383 Atque
248 1318 270 1367 is
280 1335 316 1379 ea,
328 1327 388 1382 quass
402 1319 515 1380 constitit,
526 1321 576 1368 ictu
588 1319 726 1380 deflagravit
737 1319 852 1369 fulminis.

63 1435 180 1503 Quanto
195 1435 297 1494 melius
310 1436 410 1503 suerat,
423 1437 452 1494 in
467 1437 521 1493 hoc
536 1437 710 1512 promissum
723 1439 809 1513 patris
820 1458 878 1495 non
887 1456 951 1494 esse

63 1516 229 1572 servatum?
271 1515 359 1583 Quid,
374 1515 451 1588 quod
465 1517 598 1573 Theseus
620 1518 717 1592 exegit
741 1519 915 1593 promissum
936 1537 953 1573 a

64 1594 226 1671 Neptuno?
267 1594 325 1652 Oui
336 1614 402 1652 oum
413 1606 468 1652 tres
479 1597 639 1673 optationes
650 1597 804 1672 Neptunus
815 1597 951 1662 dedisset,

61 1676 174 1750 optavit
187 1675 331 1732 interitum
346 1674 501 1751 Hippolyti
516 1676 578 1742 filii,
595 1695 660 1733 curu
675 1676 700 1732 is
716 1676 787 1751 patri
801 1686 951 1752 suspectus

62 1764 143 1811 osset
156 1753 191 1810 de
206 1772 345 1811 noverea:
369 1773 426 1826 quo
439 1754 585 1834 [optato]§
599 1756 760 1831 impetrato,
774 1755 907 1812 Theseus
922 1754 952 1811 in

62 1833 201 1891 maximis
216 1833 269 1890 suit
282 1834 415 1890 luctibus.

104 1912 206 1978 Qutdt
247 1915 458 1988 Agamemnoni!
476 1933 540 1970 eum
562 1913 726 1971 devovisset
746 1913 856 1980 Dianae,
872 1912 951 1985 quod

62 1992 94 2049 in
109 2010 163 2048 suo
177 2011 265 2068 regno
281 1993 503 2068 pulcherrimum
527 2005 622 2050 natum
637 2004 714 2050 esset
734 1994 784 2050 illo
798 2012 882 2060 auno,
898 1994 950 2050 inr-

63 2071 184 2129 molavit
197 2071 388 2147 Iphigeniam,
404 2091 460 2144 qua
480 2073 553 2130 nihil
573 2074 675 2130 eratin
690 2092 725 2129 eo
739 2072 855 2144 quidem
877 2092 951 2130 anno

64 2159 163 2206 natum
178 2151 336 2225 pulchrius.
378 2152 558 2209 Promissum
579 2153 674 2228 potius
698 2171 754 2208 non
778 2151 949 2218 laciendum,

64 2246 152 2301 quam
167 2239 224 2286 tam
239 2241 348 2288 taetrum
370 2230 479 2287 facinus
499 2231 704 2289 admittendum
725 2231 787 2288 luit.
831 2232 909 2308 Ergo
924 2243 952 2288 et

383 2373 536 2417 CHAPTER
553 2373 631 2418 XXV.

126 2443 241 2497 Optasset.
275 2444 312 2486 To
324 2444 440 2497 complete
453 2443 492 2486 the
502 2443 623 2495 versandi
636 2444 654 2488 is
664 2444 766 2489 inserted
777 2444 809 2500 by
818 2446 838 2490 J.
850 2447 876 2491 F.
885 2447 951 2490 Heu·

63 2508 159 2551 mugen
177 2497 195 2538 it
205 2496 225 2539 is
238 2497 349 2540 admitted
361 2497 460 2540 without
473 2496 598 2552 authority.

97 2549 204 2605 †Patri.
239 2550 301 2592 Here
313 2549 333 2591 is
346 2561 377 2592 an
388 2549 471 2592 elision
487 2551 514 2592 of
528 2550 566 2593 the
584 2551 640 2594 final
657 2555 804 2605 consonant;
821 2550 898 2594 which
913 2563 951 2594 we

62 2604 130 2649 learn
143 2602 395 2664 tromQuintiliamix.
407 2605 429 2646 4.
441 2603 477 2656 39,
489 2615 538 2646 was
551 2605 668 2658 preetised
679 2605 798 2659 onciently
810 2605 836 2649 in
849 2604 951 2659 writing,

63 2668 91 2701 as
104 2657 157 2699 well
169 2668 195 2699 as
206 2668 230 2698 ru
244 2660 435 2711 pronunciation.

67 2763 73 2773 .
98 2714 110 2760 ss
124 2709 162 2753 Eo
174 2720 231 2762 orto.
264 2709 366 2752 Verious
376 2709 486 2773 readings
499 2721 538 2753 are
551 2710 605 2773 here
616 2711 705 2764 found;
724 2711 771 2755 and
784 2710 814 2773 ”ll
824 2709 950 2772 doubtful:

63 2763 314 2879 mitrarum
329 2763 951 2879 territamurterrerentur

64 2871 196 2922 interprets,
209 2881 234 2911 as
246 2870 381 2924 equivalent
398 2876 421 2914 to
439 2869 468 2912 rbr
483 2869 538 2922 ubr;
556 2870 675 2932 adduorng
686 2876 805 2913 rnstanoes
817 2871 843 2912 oi
858 2870 951 2912 theuso

63 2922 91 2966 of
119 2934 159 2969 tro.
170 2923 204 2965 for
215 2921 263 2972 ubi,
274 2923 348 2967 Plaut.
360 2925 426 2967 Men.
439 2923 463 2966 ii.
476 2927 495 2967 1.
508 2925 542 2968 12.
559 2925 623 2968 Curt.
635 2924 674 2966 vir.
686 2925 707 2966 4.
721 2924 756 2966 30.

98 2934 117 3030 ἕ
129 2974 220 3028 Optato.
253 2976 313 3019 This
325 2977 397 3027 word,
409 2977 505 3020 omitted
519 2977 543 3020 in
556 2990 622 3020 some
632 2977 708 3021 MSS..
721 2976 740 3019 is
752 2973 866 3030 probably
878 2974 920 3018 but
936 2987 951 3018 u

63 3027 126 3126 {pesp
131 3029 216 3125 γ11111ε11ὃ
227 3027 288 3072 from
300 3029 339 3073 the
350 3029 450 3084 margin.
487 3031 540 3083 Quo
551 3030 683 3085 impetrato,
695 3029 723 3074 in
735 3029 858 3073 nrooeimos
870 3027 950 3073 locitas

89 3093 176 3132 cum.
218 3113 223 3124 .

99 3134 107 3188 l
126 3137 145 3180 A
164 3146 299 3180 autemnon.
334 3135 393 3179 This
410 3136 456 3180 tale
474 3136 494 3179 is
510 3141 552 3180 not
563 3136 691 3190 unitormly
702 3135 803 3179 related:
821 3134 846 3177 in
859 3132 948 3187 Sopho-

62 3189 133 3233 cles’n
162 3189 249 3241 lectra,
261 3189 300 3231 the
311 3201 395 3232 reason
409 3189 519 3243 assigned
533 3189 546 3231 b
574 3191 746 3244 clytemnestra
759 3189 794 3232 sor
805 3187 843 3231 the
855 3187 950 3230 murder

61 3242 92 3304 pt
101 3242 141 3285 her
153 3241 270 3302 husband,
282 3241 302 3284 is
314 3242 351 3285 his
362 3242 465 3286 sacrifice
477 3203 646 3306 otnlplligenia.
680 3242 703 3286 lt
713 3241 733 3304 is
745 3242 794 3284 also
807 3253 820 3284 a
840 3240 931 3301 parenti

63 3295 812 3410 1111111’1111111111111911111111
841 3293 949 3347 ’W’

62 3380 133 3446 rende
150 3379 265 3462 with'tthe
282 3407 373 3455 greater
391 3361 492 3445 nulnber
503 3403 531 3445 ot
544 3363 715 3457 nlythdlogists.
726 3380 767 3445 her
777 3380 818 3445 lise
830 3411 881 3460 was
897 3412 949 3455 pre·

62 3454 151 3499 rerved.
186 3455 236 3497 ltro
247 3453 380 3498 observable
392 3455 442 3498 that
452 3456 542 3500 Homer
552 3456 609 3501 does
620 3460 662 3501 not
674 3456 751 3501 notice
760 3454 800 3500 the
811 3451 909 3508 subrent.

812 3346 838 3390 in
850 3357 949 3390 coneur-
