2054 3946
339 516 410 563 Ltu.
426 516 447 561 1.
479 516 558 562 CAP.
583 516 669 563 XLV.
892 521 946 578 107

62 628 139 686 tiam.
183 623 283 699 Itaque
307 626 363 683 nisi
387 644 422 682 ea
441 630 540 693 virtus,
557 643 619 698 quae
637 635 748 683 constat
768 644 805 682 ex
825 624 948 683 homini·

61 707 113 765 bus
129 704 256 773 tuendis,
266 703 294 762 id
309 716 403 761 estex
417 706 551 762 socictate
565 706 677 782 generis
692 706 820 772 humani,
831 707 948 783 attingat

64 785 259 863 cognitionem
277 802 381 851 rerum,
397 785 524 862 solivaga
548 785 674 861 cognitio
692 798 720 842 et
741 786 841 862 jejuna
855 786 948 843 videa-

62 880 115 923 tur.
158 864 290 936 Itemque
315 862 479 939 magnitudo
505 865 602 930 animi,
618 878 725 921 remota
746 867 948 922 communitate

64 944 321 1022 conjunctioneque
341 943 475 1009 humana,
491 943 585 1000 feritas
601 944 638 1000 sit
651 945 778 1014 quaedam
801 956 829 1000 et
850 945 949 1002 imma-

62 1025 146 1093 nitas.
189 1023 233 1080 lta
245 1023 287 1089 fit,
299 1031 329 1079 ut
341 1023 436 1079 vincat
449 1024 620 1098 cognitionis
635 1023 759 1080 studium
774 1025 949 1081 consociatio

63 1102 214 1161 hominum
233 1112 316 1174 atque
331 1103 529 1159 communitas.

101 1183 168 1241 Nec
190 1200 288 1238 verum
310 1192 364 1248 est,
380 1180 456 1253 quod
478 1182 581 1239 dicitur
602 1201 617 1238 a
638 1181 817 1254 quibusdam,
833 1193 948 1258 propter

63 1261 264 1321 necessitatem
291 1262 365 1327 vitae,
389 1260 465 1333 quod
486 1281 529 1328 ea,
551 1279 613 1332 quoe
641 1272 739 1318 natura
765 1261 946 1327 desideraret,

64 1342 204 1413 consequi
229 1341 291 1398 sine
317 1341 379 1398 aliis
405 1352 488 1413 atque
513 1340 626 1397 efficere
649 1361 706 1398 non
729 1360 890 1416 possemus,
906 1341 947 1398 id·

63 1421 139 1479 circo
166 1421 265 1477 initam
289 1439 352 1476 esse
377 1439 442 1477 cum
463 1419 626 1476 hominibus
655 1423 899 1488 communitatem,
919 1433 947 1477 et

62 1501 251 1558 societatem:
274 1498 349 1571 quod
372 1500 396 1555 si
418 1499 513 1555 omnia
533 1500 627 1564 nobis,
644 1519 705 1570 quae
721 1502 755 1556 ad
771 1502 875 1557 victum
891 1501 947 1557 cul·

61 1590 182 1652 tumque
207 1580 359 1654 pertinent,
374 1579 454 1649 quasi
476 1579 586 1654 virgula
606 1578 711 1645 divina,
725 1589 757 1635 ut
777 1580 864 1646 aiunt,
880 1599 948 1655 snp-

60 1659 276 1737 peditarentur3
305 1669 363 1715 tum
392 1658 500 1732 optimo
528 1659 650 1729 quisque
676 1659 801 1733 ingenio,
825 1661 947 1735 negotiis

60 1738 199 1796 omnibus
224 1737 349 1804 omissis,
369 1748 457 1793 totum
478 1756 510 1793 se
532 1739 560 1794 in
586 1739 748 1812 cognitione
776 1747 805 1793 et
829 1738 947 1795 scientia

59 1818 227 1876 collocaret.
270 1816 337 1874 Non
359 1827 404 1872 cst
423 1817 471 1872 ita.
514 1816 590 1873 Nam
613 1829 641 1872 et
666 1816 847 1873 solitudinem
870 1817 948 1892 luge·

59 1907 115 1963 ret,
129 1907 160 1954 et
180 1896 290 1952 socium
311 1895 396 1953 studii
418 1906 576 1968 qnaereret;
599 1905 657 1952 tum
680 1896 791 1962 docere,
809 1908 866 1952 tum
891 1896 948 1952 dis·

61 1994 129 2034 cere
156 1976 252 2043 vellet,
274 1986 332 2032 turn
367 1975 474 2042 audire,
502 1985 560 2031 tum
596 1975 699 2031 dicere.
756 1976 834 2050 Ergo
863 1995 948 2031 omne

61 2056 203 2122 officium,
219 2055 295 2128 quod
317 2054 351 2111 ad
373 2057 603 2132 conjunctionem
625 2055 773 2110 hominum
795 2055 878 2110 etad
903 2074 948 2111 so·

62 2136 196 2193 cientem
216 2134 348 2192 tuendam
365 2136 446 2202 valet,
462 2134 690 2211 anteponendum
712 2146 756 2190 est
775 2135 816 2191 illi
841 2135 946 2201 officio,

63 2214 141 2287 qnod
157 2216 320 2291 cognitione
335 2226 365 2270 et.
377 2216 496 2272 scientia
510 2216 678 2272 continetur.

64 2339 155 2400 ctu.
178 2341 272 2400 XLV.
302 2341 530 2400 Communitutia
555 2341 649 2418 ctfflcia
670 2341 819 2400 modestiae
844 2342 946 2420 <pliciis

120 2440 183 2481 non
198 2439 259 2479 esse
273 2421 490 2498 anteponendo:
513 2440 572 2478 csse
586 2421 745 2498 ttfficimum
758 2422 884 2499 gradus.

102 2531 197 2590 lunen
212 2532 329 2590 forsitan
351 2532 533 2604 quaerendum
554 2534 601 2598 sit,
617 2551 684 2589 num
706 2534 768 2589 haec
791 2536 947 2590 communi·

66 2620 117 2679 tas,
133 2631 197 2684 quae
223 2613 347 2668 maxime
368 2623 412 2669 est
432 2623 497 2687 apta
516 2623 632 2679 nature,
653 2613 690 2668 sit
713 2614 797 2669 etiam
821 2613 947 2670 modera-

66 2691 134 2749 tioni
149 2690 355 2764 modestiaeqne
378 2710 491 2766 semper
512 2691 717 2766 anteponenda.
761 2693 828 2748 Non
844 2694 946 2767 placet

66 2768 138 2828 Sunt
158 2771 236 2827 enim
258 2771 386 2842 quaedam
407 2771 507 2846 partim
531 2771 569 2826 ita
591 2769 673 2836 soeda,
687 2773 788 2846 partim
810 2773 848 2828 ita
869 2771 947 2846 flagi·

67 2848 146 2915 tiosa,
168 2859 200 2906 ut
224 2869 267 2915 ea,
289 2870 325 2907 ne
353 2848 553 2907 conservandae
582 2850 696 2920 quidem
725 2852 822 2926 patriae
851 2869 946 2913 causa,

65 2930 180 3004 sapiens
208 2927 330 2987 facturus
357 2932 403 2986 sit.
456 2928 502 2986 Ea
524 2927 715 2986 Posidonius*
743 2931 859 3005 collegit
885 2948 947 3002 per·

64 3009 162 3075 multa,
186 3007 237 3064 sed
259 3009 297 3065 ita
321 3021 397 3067 taetra
425 3009 565 3081 quaedanr,
587 3009 625 3066 ita
653 3010 795 3075 obscoena,
817 3018 848 3065 ut
870 3007 946 3064 dictu

62 3105 178 3161 quoque
205 3087 351 3146 videantur
377 3087 478 3164 turpia.
521 3087 593 3145 Haec
616 3088 702 3164 igitur
726 3107 782 3145 non
810 3088 935 3162 suscipio

384 3230 536 3274 CHAPTER
553 3231 627 3275 XLV.

94 3321 108 3350 ⁸
120 3315 271 3362 Posidonius.
304 3316 325 3358 Α
345 3314 443 3376 disciple
464 3314 491 3358 of
506 3316 630 3366 Panaetius,
646 3315 693 3358 and
712 3314 770 3357 stoic
787 3313 940 3375 philosophe

64 3369 98 3413 fle
119 3369 167 3414 had
186 3369 244 3413 been
263 3381 348 3424 anmng
360 3369 399 3413 the
418 3371 553 3412 instructers
570 3370 598 3413 of
611 3368 705 3412 Cicero:
730 3369 936 3428 “Doctrssrmorun

63 3421 188 3466 hominum
199 3422 366 3465 familiaritates
373 3421 460 3475 quibus
471 3434 565 3476 semper
575 3422 660 3465 domus
667 3424 746 3465 nostru
756 3421 840 3471 floruit,
847 3424 871 3464 et
883 3423 937 3476 prin

61 3475 179 3574 ‘milzini’
192 3475 312 3530 Diodotus,
323 3474 396 3530 Philo,
409 3474 549 3530 Antiochus,
561 3475 727 3519 Posidonius.'’
763 3476 796 3519 De
804 3475 857 3519 Nut.
866 3475 893 3521 D.
906 3475 939 3519 lib
