2054 3946
105 211 161 267 174
421 204 469 251 oe
486 204 665 251 onereris.

102 334 206 390 corpus
222 333 341 372 necesse
355 325 451 371 esset:
474 315 529 381 aie,
544 315 570 371 ai
584 333 657 371 unus
672 313 798 386 quicque
812 324 936 375 nocturni
947 314 977 375 ui

103 413 134 450 se
150 395 239 469 rapiat
260 394 410 451 commoda
431 396 561 460 aliorum,
577 394 763 465 detrahatque
786 394 867 466 quod
887 396 978 469 cuique

103 477 203 549 possit,
229 474 415 530 emolumenti
443 475 487 530 sui
512 475 610 548 gratia,
636 474 760 529 societas
788 474 937 533 hominum
955 486 992 533 et·

103 555 292 610 communitas
306 563 446 610 evertatur
459 572 577 610 necesse
595 563 649 609 est.
692 552 782 620 Nam,
797 554 856 611 eibi
870 566 902 613 ut
914 556 981 627 quie·

103 652 158 704 que
173 634 262 699 malit,
285 633 362 705 quod
382 633 417 689 ad
438 652 522 689 usum
538 633 601 689 vitoe
622 633 774 708 pertineat,
789 652 879 705 quam
900 636 980 703 alteri¹

102 713 258 783 acquirere,
272 732 440 769 eoncessum
455 723 508 779 cst,
521 731 579 768 non
593 723 770 787 repugnante
782 726 904 773 natura:
921 714 982 773 ittet

103 804 202 848 natura
217 811 272 848 non
287 793 401 867 patitur,
414 803 446 848 ut
455 793 573 849 aliorum
587 791 688 867 spoliis
702 805 817 850 nostras
833 794 982 861 saculares,

102 872 210 946 copiae,
226 890 297 946 opes
311 891 475 946 augeamus.

144 951 247 1021 Neque
262 970 328 1007 vero
346 952 400 1009 hoc
415 952 631 1017 columnatum,
647 950 736 1009 idest
752 953 820 1027 jure
834 950 983 1025 gentium,i

103 1030 153 1085 sed
169 1031 253 1086 otium
268 1031 378 1106 iegibus
401 1030 598 1107 populorum‚†
611 1031 715 1098 quibua
731 1029 761 1085 in
783 1030 910 1105 singulis
922 1030 982 1087 eiri-

103 1111 205 1164 tatibos
221 1110 382 1182 respublica
394 1109 563 1173 continetur,
579 1106 680 1163 eodem
701 1107 790 1165 modo
804 1110 981 1167 constitutum

103 1198 161 1253 est‚-
178 1198 210 1244 ut
230 1207 287 1243 non
313 1187 396 1244 liceat
422 1188 467 1244 sui
493 1184 636 1243 commodi
663 1205 749 1244 causa
772 1207 881 1246 nocere
901 1190 980 1247 alteri.

104 1267 170 1324 Hoc
185 1267 260 1324 enim
276 1277 404 1341 spectant
417 1267 506 1341 leges,
522 1266 577 1322 hoc
592 1265 712 1331 volunt;
735 1267 913 1327 incolumem
926 1286 981 1327 erec

103 1347 208 1403 civium
224 1347 473 1421 conjunctionem:
495 1364 579 1417 quam
595 1345 644 1417 qui
659 1345 809 1413 dirimunt,
823 1367 876 1405 eos
890 1360 980 1415 morte,

103 1427 217 1492 exsilic,
240 1426 352 1490 vinclis,
374 1426 495 1499 damnoss
516 1429 656 1482 co'e'rcent.
699 1426 797 1498 Atque
819 1429 876 1485 hoc
903 1428 980 1485 multo

104 1507 195 1581 magis
213 1505 301 1561 efficit
316 1507 378 1580 ipsa
400 1516 504 1562 naturae
527 1504 608 1571 ratio,
624 1522 686 1575 quae
708 1517 753 1561 est
774 1507 824 1564 lex
847 1508 943 1565 diuina
958 1518 981 1565 ct

104 1586 253 1657 humana‚§
268 1585 314 1641 eui
336 1604 433 1660 parere
450 1585 499 1656 qui
515 1584 582 1640 velit
598 1581 710 1662 (omnes
735 1596 830 1643 autem
853 1589 981 1662 parebunt

104 1666 153 1736 qui
174 1664 330 1721 secundum
353 1677 479 1722 naturam
501 1664 599 1721 volunt
616 1661 723 1740 vivere)
745 1684 894 1738 nunquam
914 1684 981 1725 eom·

104 1746 205 1810 mittet,
221 1755 250 1800 ut
264 1744 387 1801 alienum
403 1754 526 1820 appetat,
541 1754 569 1800 et
583 1741 622 1809 id,
638 1742 716 1815 quod
730 1745 813 1803 alteri
827 1746 978 1815 detraxerit,

105 1825 158 1879 sibi
175 1832 308 1880 aestimat.

144 1903 259 1959 Etenim
277 1901 399 1980 [multo]
416 1903 505 1978 magia
520 1913 565 1958 est
578 1902 735 1960 secundum
751 1913 882 1961 naturam
898 1903 982 1963 excel·

105 1982 172 2037 sitas
185 1982 271 2038 animi
287 1993 315 2037 et
329 1983 503 2058 magnitudo,
515 1983 639 2053 itemque
654 1985 856 2052 communitas,
868 1984 981 2061 justitia,

104 2061 266 2125 liberalitem,
288 2080 373 2133 quam
396 2063 535 2137 voluptas,
557 2081 641 2132 quam
664 2063 730 2130 vita,
754 2082 841 2134 quam
863 2063 982 2121 divitia:

105 2159 168 2210 quac
182 2140 297 2210 quidem
319 2151 510 2208 contemnere,
526 2152 554 2198 et
568 2160 619 2216 pro
633 2142 724 2198 nihilo
745 2142 861 2211 ducere,
877 2162 984 2218 compa·

104 2230 211 2276 tantem
234 2239 297 2275 cum
313 2221 432 2276 utilitate
453 2221 609 2287 communi,
626 2222 720 2297 magni
736 2223 824 2279 animi
839 2234 869 2281 et
882 2222 984 2281 excelsi

104 2309 157 2355 est.
199 2300 355 2356 Detrahere
383 2319 450 2376 ergo
475 2301 509 2357 de
536 2301 623 2357 altero
647 2302 692 2358 aui
721 2302 867 2361 commodi
895 2322 983 2369 cause,

104 2379 195 2454 magis
223 2390 267 2434 est
291 2390 388 2435 contra
409 2391 547 2446 naturam,
567 2400 652 2452 quam
675 2399 762 2448 mora,
784 2400 872 2454 quam
897 2394 985 2441 cetera

104 2460 216 2535 generis
232 2459 370 2534 ejusdem.

145 2539 273 2610 Itemque
289 2540 379 2613 magis
395 2549 438 2594 est
458 2538 615 2595 secundum
635 2548 772 2603 naturam,
788 2558 841 2615 pro
856 2541 985 2599 omnibua

140 2689 152 2716 t
164 2685 221 2727 Jnrc
231 2683 347 2735 gentium.
381 2683 458 2727 These
470 2683 547 2726 words
558 2696 596 2727 are
608 2687 651 2727 not
665 2686 689 2726 to
701 2683 729 2725 be
742 2682 813 2726 taken
832 2683 858 2726 in
871 2684 931 2729 their
940 2696 985 2729 mo·

105 2737 162 2779 dern
170 2737 316 2790 acceptation
326 2750 332 2788 ς
345 2736 386 2779 but
393 2737 485 2791 impert
494 2738 531 2781 iiic
541 2738 606 2780 ratim
615 2736 644 2792 af
653 2737 729 2782 merob
740 2740 893 2790 gouernmerrt
902 2738 985 2793 taught

106 2792 136 2844 by
146 2801 228 2835 reason
240 2791 263 2835 io
274 2801 328 2833 men
340 2789 370 2845 of
385 2791 419 2833 eii
437 2791 549 2841 atritione·
568 2789 752 2845 corresponding
765 2790 823 2833 with
844 2803 888 2834 our
898 2792 948 2836 low

105 2844 196 2895 nature,
218 2856 244 2886 aa
268 2842 440 2895 distinguished
463 2845 521 2886 from
546 2844 616 2886 sociat
639 2843 793 2886 institutione.
829 2845 902 2890 Ture
920 2845 935 2890 i.
954 2849 962 2890 l

105 2899 119 2921 ‘⁴
129 2897 260 2939 Conscnuio
272 2897 380 2950 quaedam
392 2897 498 2948 gentium
510 2897 548 2940 lex
561 2903 650 2940 naturae
662 2896 770 2950 putanda
783 2898 848 2940 est.”

139 2950 323 3005 Uenetorum.
358 2950 409 2993 The
427 2950 559 3003 municipal
576 2951 622 2992 law
635 2950 662 2993 os
676 2949 734 2992 each
751 2955 856 3005 country
866 2950 888 2994 is
904 2951 985 2997 aare

106 3004 167 3047 cond
181 3003 272 3047 around
284 3004 312 3046 of
320 3007 420 3057 support
431 3004 459 3046 os
467 3003 502 3046 his
512 3004 620 3047 formula.

140 3061 152 3103 ὲ
166 3059 269 3100 Domino.
305 3056 412 3111 Bpsmea
424 3069 451 3101 or
478 3057 579 3100 errottz'ee.

141 3109 258 3160 §Divino
270 3109 417 3152 cilicinorum.
470 3122 500 3152 ex
519 3115 555 3152 est
573 3110 631 3152 ratio
650 3121 750 3159 summa,
768 3108 844 3153 insitu
862 3109 888 3153 in
906 3114 984 3157 nature

103 3172 158 3214 quae
165 3161 235 3218 iubet
245 3175 275 3206 ea
286 3174 339 3216 quse
352 3163 460 3207 iacienda
471 3168 538 3215 aunt,
546 3163 699 3217 prohibetque
709 3163 834 3207 contraria.
869 3165 906 3208 De
917 3168 983 3221 Lm.

96 3213 114 3259 ι’.
127 3215 149 3261 6,
186 3216 339 3275 Conformity
354 3218 414 3263 with
425 3217 490 3274 right
499 3215 671 3261 reasontorma
679 3214 912 3270 meramnum
