2054 3946
493 504 616 549 aiax,
929 508 989 565 247

107 612 199 671 babuit,
211 628 266 661 cunr
287 611 414 661 admodum
435 628 509 660 senex
532 620 601 670 esset,
618 618 690 672 negat
710 628 736 660 se
756 626 862 673 unquam
886 612 989 660 sensisse

53 702 84 765 ql
105 688 256 728 senectutem
268 696 337 728 suam
348 666 527 739 imbecilliorqim
538 679 632 736 iactam,
644 694 716 741 quem
728 678 886 726 adolescentia
898 677 989 726 suisset.

106 746 162 807 ugo
174 746 203 796 L.
215 747 340 795 Metellum
358 746 463 804 memini,
475 762 541 809 puer,
555 745 616 808 (qui,
627 762 683 793 cum
695 744 851 808 quadriennio
868 753 922 807 post
933 747 989 794 elte-

106 828 161 862 rum
179 814 330 861 consulatum
350 813 456 876 pontifex
471 813 679 861 maximusiactus
699 820 768 869 esset,
780 811 865 872 viginti
883 819 908 859 et
928 813 989 860 duos

106 896 184 928 annos
195 879 218 927 ei
228 880 358 929 sacerdotio
370 879 474 946 prefuit)
486 881 519 928 ite
529 880 599 928 bonis
606 895 658 927 esse
666 879 754 926 viribus
765 887 871 926 extremo
883 886 989 942 tempore

105 946 189 1004 aetatis,
202 954 228 994 ut
242 946 425 995 adolescentiam
442 963 492 994 non
509 946 643 1008 requireret.
676 944 745 993 Nihil
763 960 859 993 necesse
876 954 913 993 est
929 945 988 993 mihi

105 1016 136 1060 de
147 1030 186 1061 me
198 1013 353 1128 iffioem
370 1029 513 1076 quamquem
524 1013 596 1062 estid
608 1012 704 1076 quidem
721 1013 802 1071 senile,
814 1012 923 1074 retatique
934 1028 988 1060 nos·

104 1086 146 1128 tna
158 1095 204 1127 eon
284 1096 302 1129 r.

139 1212 172 1261 X.
190 1212 322 1273 Videtisne,
329 1220 357 1263 ut
368 1214 432 1277 apud
444 1213 577 1262 Homerum
586 1212 715 1275 sepissime
723 1212 813 1260 Nestor
821 1212 853 1260 de
862 1212 987 1261 virtutibus

105 1279 158 1328 suis
168 1281 296 1342 predicetl
315 1281 407 1329 tertiam
421 1280 486 1329 enim
500 1282 550 1345 jam
568 1288 661 1328 etatem
680 1280 805 1328 bominum
816 1279 925 1326 vivebat:
943 1295 987 1328 nee

105 1355 156 1395 erat
173 1347 195 1395 ei
207 1347 344 1403 verendum,
362 1364 400 1406 ne,
412 1363 467 1394 vera
483 1348 512 1396 de
529 1363 556 1394 se
572 1347 709 1410 predicans,
723 1346 794 1394 nimis
811 1346 928 1394 videretur
945 1356 989 1394 aut

105 1413 212 1462 insolens
231 1423 272 1463 sut
288 1416 384 1477 loquax.
419 1414 518 1462 Etenim
531 1413 572 1476 (ut
586 1412 622 1461 ait
636 1414 769 1478 Homerus)
783 1429 812 1460 ex
833 1414 886 1476 ejus
905 1413 989 1474 lingue

105 1481 176 1529 melle
187 1481 278 1530 dulcior
284 1482 372 1529 {luebat
379 1480 470 1538 orati0;
482 1497 554 1543 quam
565 1481 596 1528 ad
608 1480 748 1529 suavitatem
761 1479 833 1527 nullis
844 1481 928 1540 egebat
938 1497 987 1528 cor-

104 1546 170 1610 poris
180 1547 269 1596 viribus
279 1563 284 1594 ι
303 1555 417 1595 ettamen
428 1548 478 1595 dux
490 1547 529 1596 ille
542 1547 638 1595 Graeciae
649 1563 769 1610 nusquam
781 1554 852 1607 optat,
865 1556 892 1594 ut
904 1547 987 1609 Ajacis

104 1612 195 1662 similes
206 1614 292 1662 habeat
302 1614 391 1672 decern,
403 1622 427 1661 et
438 1622 465 1661 ut
476 1614 600 1672 Nestoris3
618 1615 682 1677 quod
698 1614 719 1662 si
732 1612 848 1671 acciderit,
858 1628 909 1660 non
920 1613 988 1662 dubi·

104 1687 147 1737 tat,
159 1680 218 1742 quin
229 1680 292 1728 brevi
303 1680 377 1744 'l'roje
389 1680 420 1728 sit
430 1680 540 1743 peritura,

139 1747 189 1795 Sed
199 1747 268 1796 redeo
278 1747 308 1796 ad
320 1763 364 1795 me.
398 1747 516 1806 Quartum
525 1763 616 1796 annum
629 1764 674 1808 age
685 1755 709 1795 et
720 1744 909 1807 octogesimum:
922 1747 987 1808 equi·

102 1813 159 1862 dem
170 1829 240 1877 posse
252 1816 336 1862 vellem
348 1813 411 1862 idem
422 1814 523 1875 gloriari,
531 1815 594 1877 quod
607 1814 704 1878 Cyrus:
721 1813 763 1861 aed
774 1822 856 1861 tamen
867 1812 913 1860 boc
924 1829 987 1875 queo

103 1881 190 1938 dicere,
202 1896 252 1928 non
264 1897 302 1930 me
313 1881 409 1943 quidem
420 1881 450 1928 iis
461 1898 513 1930 esse
524 1882 620 1937 viribus,
633 1881 719 1943 quibus
731 1887 773 1928 aut
784 1879 852 1927 miles
863 1880 925 1928 bello
937 1880 987 1929 Pu·

102 1947 166 2006 nico,
179 1955 221 1995 eut
231 1958 332 2010 quester
342 1948 425 1997 eodem
437 1950 507 2006 bello,
518 1957 561 1996 aut
577 1949 661 1996 consul
672 1948 697 1996 in
710 1945 829 2009 Hispania
840 1945 933 2001 fuerim,
945 1956 987 1996 aut

102 2015 260 2077 quadriennio
276 2023 336 2078 post,
347 2031 411 2074 mam,
428 2015 537 2064 tribunus
554 2015 667 2074 militaris,
679 2012 814 2076 depugnavi
831 2013 892 2074 apud
911 2013 987 2061 'Pher-

102 2082 220 2144 mopylas,
232 2080 267 2130 Μ’
277 2081 355 2129 Acilio
367 2082 494 2130 Glabrione
505 2083 617 2130 consule:
636 2083 677 2131 sed
689 2090 769 2130 tarnen
783 2079 823 2143 (ut
831 2095 873 2127 vos
886 2079 984 2146 videtis)

101 2163 154 2196 non
166 2149 237 2210 plane
248 2163 287 2196 me
297 2149 418 2197 enervavit
430 2165 475 2197 nec
482 2149 568 2197 afflixit
579 2157 703 2198 senectus:
715 2164 765 2196 non
773 2147 840 2195 curia
848 2146 909 2194 vires
920 2163 986 2196 meas

101 2214 227 2273 desiderat,
238 2231 288 2262 non
301 2215 392 2273 Rostra,
404 2231 453 2263 uon
464 2216 541 2274 amici,
552 2231 602 2263 non
619 2215 724 2274 clientes,
737 2230 786 2262 non
803 2213 923 2276 hospites:
941 2230 986 2263 nee

100 2281 170 2330 enim
181 2297 288 2344 unquam
299 2298 354 2329 sum
366 2298 477 2330 assensus
488 2282 561 2330 veteri
577 2282 612 2330 illi
624 2283 766 2344 laudatoque
780 2280 910 2345 proverbio,
922 2283 986 2345 quod

101 2355 193 2406 monet,
205 2355 296 2396 mature
307 2348 358 2396 fieri
375 2365 463 2407 senem,
475 2349 496 2396 si
507 2349 550 2398 diu
561 2349 682 2397 velisesse
699 2365 780 2397 senex.
814 2347 869 2408 Ego
880 2364 935 2396 vero
947 2364 986 2397 me

101 2415 185 2464 minus
208 2414 250 2463 diu
270 2430 352 2464 senem
372 2431 424 2464 esse
448 2417 550 2473 mallem,
567 2432 639 2478 quam
655 2432 708 2464 esse
728 2432 810 2464 senem
833 2423 896 2473 ente,
913 2431 987 2478 quam

100 2496 189 2530 essem.
222 2481 305 2544 ltaque
319 2497 390 2530 nemo
401 2482 479 2530 adbuc
488 2483 617 2531 eonvenite
628 2500 667 2532 me
678 2482 808 2541 veluit‚cui
818 2482 905 2531 fuerim
917 2499 986 2532 occu·

120 2564 182 2597 avua

100 2565 119 2613 p
138 2614 172 2663 At
180 2615 261 2663 minus
272 2614 347 2663 habeo
357 2615 450 2674 virium,
459 2632 531 2678 quarn
538 2617 644 2665 vestrdm
653 2617 750 2666 utervis.
784 2616 824 2664 Ne
835 2632 878 2662 vos
889 2617 985 2679 quidem

72 2740 75 2747 Ι
100 2680 135 2730 Τ.
147 2681 229 2730 Pontii
241 2682 387 2731 centurionis
403 2683 465 2731 vires
481 2684 586 2731 bebetis:
605 2699 665 2731 nurn
681 2683 768 2732 idcireo
779 2690 814 2730 est
825 2682 865 2730 ille
876 2690 986 2744 prestan-

100 2746 164 2796 tior!
199 2749 330 2797 Moderatio
346 2750 416 2797 modo
432 2750 519 2799 virium
536 2751 603 2809 adsit,
614 2758 639 2798 et
656 2758 757 2808 tanturn,
768 2758 885 2811 quantum
902 2758 986 2811 potest,

100 2815 205 2878 quisque
224 2815 312 2864 nitatur
320 2832 331 2871 t,
344 2832 380 2864 ne
397 2816 436 2864 ille
454 2833 503 2866 non
523 2834 609 2878 magno
627 2817 742 2865 desiderio
759 2815 876 2864 tenebitur
895 2816 985 2865 virium.

103 2880 223 2944 olympia
238 2898 282 2944 per
299 2883 401 2931 stadium
419 2884 539 2944 ingressus
555 2901 607 2932 esse
625 2883 685 2932 Milo
702 2883 794 2939 dicitur,
805 2897 861 2930 cunr
881 2881 987 2931 humeris

99 2949 230 2996 sustineret
240 2951 324 2997 bovem
335 2949 424 2999 vivum.
458 2951 544 2999 Utrum
552 2951 623 3012 igitur
634 2950 678 2998 has
689 2949 798 3012 corporis,
806 2963 837 2996 an
846 2948 986 3010 Pythagora,-

102 3014 147 3063 tibi
158 3014 228 3063 malis
238 3015 299 3064 vires
310 3016 401 3077 ingenii
412 3017 480 3066 darii
516 3018 626 3079 Denique
637 3016 682 3064 isto
694 3018 756 3064 bono
763 3025 834 3069 utare,
842 3015 899 3062 dum
911 3016 987 3074 adsit;

100 3096 160 3130 cum
171 3082 240 3141 absit,
251 3097 282 3130 ne
300 3083 419 3145 requiras3
435 3083 482 3132 nisi
498 3084 557 3132 forte
569 3084 728 3132 adolescentes
743 3080 877 3146 pueritiam,
889 3084 987 3143 paulum

101 3156 173 3197 aetate
184 3149 300 3210 progressi
311 3151 500 3208 adolescentiam,
512 3152 612 3199 debeant
629 3150 753 3211 requirere.
787 3148 880 3195 Cursus
892 3156 928 3196 est
939 3165 987 3196 cer-

101 3225 144 3264 tus
156 3215 238 3273 aetatis,
249 3224 273 3263 et
283 3232 333 3264 una
344 3216 383 3265 via
397 3225 493 3275 nature,
503 3233 578 3278 eaque
595 3217 711 3278 sinrplex:
729 3231 819 3276 suaque
831 3214 916 3275 cuique
928 3214 986 3277 parti

102 3281 181 3330 aetatis
191 3283 361 3345 tempestivitas
369 3291 405 3331 est
416 3283 481 3342 data3
497 3292 526 3331 ut
536 3293 560 3331 et
571 3284 696 3332 infirmitas
705 3298 838 3346 puerorum,
847 3290 870 3328 et
880 3281 988 3329 ferocitas

105 3351 235 3414 juvenum,
246 3359 271 3397 et
281 3350 383 3410 gravitas
391 3351 441 3413 jam
454 3350 584 3398 constantis
595 3350 678 3405 etatis,
686 3360 710 3398 et
719 3348 846 3398 senectutis
858 3348 988 3405 maturitas,

102 3416 214 3466 naturale
225 3416 337 3478 quiddam
349 3416 441 3474 habeat,
455 3418 516 3478 quod
529 3433 573 3465 suo
585 3424 689 3480 tempore
701 3415 789 3480 percipi
800 3415 890 3462 debeat.

137 3483 247 3533 Arbitror
262 3490 287 3532 te
306 3483 395 3543 andus,
408 3483 499 3548 Scipio,
516 3485 602 3550 hospes
618 3492 676 3533 tuus
692 3484 778 3543 avitus,
789 3481 926 3541 Masinissa
936 3496 989 3544 quar
