2054 3946
87 211 140 266 148
393 206 444 251 us
471 206 654 251 orrrcrrs.

83 314 201 373 scientia
214 314 296 372 sarile
308 315 431 371 vicisset.
474 314 547 371 Haec
561 315 647 390 igitur
657 333 756 390 opera,
769 324 853 391 grata
866 314 965 383 multis,

83 407 111 452 et
125 395 159 451 ad
173 395 320 450 beneficiis
335 393 554 469 obstringendos
570 394 700 451 homines
715 394 941 452 accommodata.

123 477 214 545 Atque
230 475 295 530 huic
310 475 360 529 arti
379 474 500 529 finitima
512 484 557 529 est
577 472 690 529 dicendi
705 474 824 548 gravior
845 474 965 539 facultas,

84 553 129 632 [et
142 553 262 630 gratior]
279 564 307 609 et
321 555 454 609 ornatior.
498 553 574 618 Quid
589 553 665 609 enirn
676 553 847 625 eloquentia
861 564 966 629 praestr-

84 634 178 699 bilius,
192 635 235 689 vel
251 633 437 689 admiratione
449 631 635 698 audientium,
646 632 691 688 vel
705 650 759 706 spe
769 632 966 709 indigentium,

83 712 127 768 vel
143 732 250 777 eornm,
262 714 309 783 qui
326 712 436 768 defensi
458 721 532 775 suut,
549 712 656 786 gratia?
697 711 778 768 Huic
800 730 873 787 ergo
887 732 904 769 a
916 730 967 769 ma·

86 792 197 867 joribus
213 793 316 848 nostris
332 803 384 857 est,
397 792 426 847 iu
442 803 515 866 toga,
526 790 669 866 dignitatis
685 791 867 866 principatus
881 790 966 851 daras,

84 871 190 927 Diserti
206 873 291 946 igitur
305 871 442 938 hominis,
458 881 487 926 et
499 870 598 926 facile*
612 870 778 937 laborantiS,
790 868 928 945 quodque
941 870 967 927 in

83 951 180 1025 patriis
202 961 245 1007 est
266 952 402 1016 moribus,
418 951 569 1006 multorum
589 968 700 1015 causas,
715 960 745 1005 et
765 968 826 1007 non
849 960 967 1025 gravate,

82 1043 111 1086 ot
134 1032 255 1105 gratuito
280 1029 485 1096 defendentis,†
510 1029 648 1085 beneficia
675 1039 704 1085 et
729 1030 894 1105 patrocinia
916 1028 966 1087 late

82 1120 189 1185 patent.

122 1187 301 1244 Admonebat
322 1207 367 1243 me
388 1206 444 1254 res,
467 1197 497 1243 ut
522 1187 577 1243 hoc
602 1205 715 1258 quoque
741 1186 808 1245 loco
831 1187 966 1245 intermis-

82 1268 192 1324 siouern
218 1267 399 1338 eloquentior,
420 1286 456 1323 ne
478 1266 571 1323 dicam
592 1267 748 1333 interitum,
769 1265 963 1344 deplorarem:

81 1347 111 1403 ni
132 1365 251 1411 vererer,
268 1365 303 1402 ue
325 1344 359 1402 de
382 1366 427 1402 rue
448 1346 512 1422 ipso
528 1345 635 1417 aliquid
650 1345 762 1402 viderer
776 1347 872 1418 queri.
913 1344 964 1403 Sed

82 1437 175 1482 tamen
197 1426 337 1491 videmur,
354 1427 456 1497 quibus
478 1426 627 1482 exstinctis
649 1427 822 1493 oratoribuS,
835 1444 923 1497 quam
939 1426 963 1483 in

81 1506 180 1579 paucis
202 1524 279 1580 epse,
301 1517 406 1576 quanto
427 1506 456 1561 in
479 1505 658 1581 paucioribus
684 1504 816 1573 incultae,
832 1524 920 1578 quam
938 1506 964 1563 in

81 1585 178 1641 inultis
200 1585 237 1640 sit
261 1585 386 1641 audacia.
430 1584 505 1641 Ourn
528 1595 621 1640 autern
642 1603 743 1640 ornnes
765 1603 824 1641 non
847 1586 963 1661 possint,

81 1683 116 1720 ne
131 1665 212 1720 multi
227 1663 354 1735 quidem,
368 1674 415 1720 aut
424 1665 498 1740 juris
512 1664 596 1739 periti
611 1682 685 1729 esse,
698 1676 746 1720 aut
760 1664 884 1732 dicerti3
904 1664 964 1721 lieet

81 1754 175 1799 tamen
190 1763 275 1819 opera
290 1743 427 1819 prodesse
442 1743 547 1809 multis,
563 1743 701 1799 beneficia
720 1754 881 1818 petentem,
895 1762 964 1801 eom·

81 1822 279 1897 rnerrdauternir
289 1822 451 1899 judicibus§
464 1835 491 1879 et
504 1823 723 1898 magistratibus,
735 1823 905 1899 vigilantem
917 1840 963 1899 pro

114 1946 229 1990 *dircite
269 1946 402 2001 Willr'nglp.
438 1946 515 1990 Asin
536 1948 556 1990 E
576 1977 582 1989 .
599 1945 623 1990 ii.
638 1945 672 1989 16.
689 1945 712 1998 6,
737 1946 823 2000 “Quod
843 1948 923 1991 autem
940 1944 963 1991 in

81 2000 205 2095 dmardti'mis
223 2000 332 2044 facillime
350 2001 430 2045 suru.’'
465 2000 543 2044 Facile
578 1998 918 2056 borartlia,prlorovon‚qfan
931 1998 964 2043 bt·

99 2064 282 2096 uarronanrun.

112 2105 128 2160 †
142 2098 410 2170 Grulutlodefeaderrlir,
439 2107 476 2150 To
486 2103 964 2155 aid‘thisdisintorestedness‚the0ineinu

81 2159 133 2207 law,
146 2162 176 2203 A.
186 2161 215 2204 U.
224 2161 248 2202 C.
258 2160 310 2211 500,
322 2160 418 2214 directly
433 2160 542 2203 inhibits:
562 2171 592 2202 ue
608 2158 671 2213 quis,
681 2158 711 2201 ob
727 2168 829 2219 causam
847 2158 965 2221 orandam,

80 2211 208 2266 pecuniam
225 2213 344 2255 donumve
366 2213 474 2267 accipiat.
508 2212 584 2255 Tacit.
608 2212 696 2254 Annal.
716 2211 789 2271 xrgb.
824 2212 880 2257 The
898 2212 964 2267 pann

80 2278 164 2316 rnores,
177 2267 223 2308 arrd
235 2267 274 2309 the
287 2266 384 2309 Cinciau
397 2267 449 2318 law,
461 2266 525 2313 each,
538 2266 555 2308 il
566 2277 650 2308 seems.
660 2264 742 2317 lniling
752 2275 779 2307 m
791 2264 870 2317 effect,
881 2264 915 2309 du
927 2264 933 2273 '

81 2320 119 2381 tlte
131 2321 180 2362 rulc
188 2320 215 2381 οξ
223 2324 354 2372 Augustus,
362 2332 376 2362 a
384 2321 481 2381 penalty
490 2319 518 2361 of
524 2317 624 2379 lourlold
633 2318 672 2379 tlre
680 2318 717 2361 see
728 2317 838 2361 received
847 2319 916 2381 lorpl

80 2370 740 2486 tttrtattatatlatlatratasaltstat-'tatii
764 2370 844 2485 dib
862 2370 964 2480 illita?

80 2480 332 2584 titttl‘llttlll
343 2477 927 2586 baldetta}atattltllall‘alltt‘tt
944 2530 965 2575 a

80 2584 111 2638 by
124 2586 212 2639 blindly
225 2586 343 2639 errgauing
356 2585 392 2627 lus
410 2564 508 2639 support
526 2584 572 2626 and
586 2584 622 2626 lris
633 2583 735 2636 sutfragc
747 2588 772 2626 to
783 2582 820 2626 his
832 2562 964 2639 pariaque

80 2639 110 2681 all
123 2640 251 2701 occasions.
281 2618 315 2700 ¹in
328 2639 394 2680 order
406 2643 432 2698 to¹
442 2638 509 2680 avoid
522 2638 561 2680 tlre
573 2649 720 2699 appearance
732 2636 759 2678 of
768 2637 917 2698 corruption,
928 2637 965 2681 tlre

83 2695 173 2736 llornan
186 2697 331 2735 institutione
343 2691 498 2735 necessitated
510 2691 557 2734 end
569 2690 691 2751 sanctrlled
702 2694 852 2744 corruption,
864 2690 893 2735 ol
900 2702 916 2735 a
925 2702 965 2735 nt·

80 2752 131 2789 ture
143 2747 182 2788 tlrc
196 2750 256 2788 most
267 2746 362 2799 general
375 2745 422 2787 aad
433 2748 494 2787 most
505 2745 637 2793 deonerans
650 2755 674 2785 rn
686 2755 700 2785 a
713 2743 761 2786 free
774 2747 843 2788 state.

113 2804 125 2849 ss
140 2800 268 2851 Pelcutenr,
285 2799 497 2842 cornrnanduntanr.
530 2797 583 2839 The
600 2795 655 2839 verb
675 2796 723 2840 lieet
745 2795 787 2839 lias
810 2796 872 2841 been
889 2796 965 2841 heloro

79 2853 136 2895 used
150 2853 206 2894 aura
219 2865 250 2893 an
263 2852 401 2894 accusativo.
436 2852 492 2895 llsuc
508 2850 646 2904 praecripta
663 2850 796 2893 seruantem
809 2850 863 2895 rao
873 2850 965 2905 naugai-

87 2905 241 2957 tce-zituare,
254 2904 269 2948 l.
281 2906 316 2957 26,
329 2905 370 2948 but
388 2905 412 2947 iu
431 2905 469 2947 tlre
485 2903 528 2946 last
540 2902 643 2957 chapter,
656 2902 713 2945 with
725 2902 828 2946 another
843 2903 965 2949 ease-tta

79 2949 183 3009 baga-altr
193 2969 240 3001 esse
251 2970 301 3001 raon
316 2958 391 3002 licent.
709 3006 713 3016 Ι

140 3012 155 3054 J
161 3012 267 3055 aflicitur.
302 3012 369 3054 'laus
381 3010 399 3053 it
410 3022 510 3064 appears
522 3008 571 3051 that
587 3007 625 3051 the
641 3011 742 3069 practice
753 3007 917 3069 oflsolicilr'ng
927 3008 964 3053 tbe

82 3063 108 3122 ju
127 3077 167 3116 ges
178 3077 208 3106 on
222 3064 261 3107 tue
278 3068 330 3123 part
344 3065 371 3106 ol
384 3064 538 3117 litigante-a
550 3062 650 3116 practice
664 3074 740 3104 rncom
762 3061 833 3106 atrble
846 3063 904 3107 with
922 3062 962 3106 ‘ue

80 3120 131 3165 trec,
148 3129 173 3158 or
190 3129 248 3159 even
268 3117 324 3158 wrttr
348 3117 377 3159 its
398 3130 445 3170 app
454 3127 631 3175 *araneae-was
653 3120 696 3175 not
712 3074 769 3167 oudy
784 3076 931 3159 established
942 3120 969 3159 sl.

74 3169 158 3264 ltpme,
173 3168 214 3214 but
232 3169 281 3215 tbat
299 3170 318 3215 it
335 3176 411 3215 meets
423 3170 482 3214 utta
492 3180 524 3211 no
535 3166 727 3222 disapprobatron
736 3167 798 3212 from
812 3169 898 3214 Cicero
908 3169 955 3213 lriru

64 3231 92 3263 ee
111 3250 118 3264 .
