2054 3946
341 446 548 495 ntnNcflus
573 449 754 495 CAPITUM.
957 452 989 507 11

108 568 180 623 Οιι.
192 567 429 623 XV.-Adversus
438 567 530 623 dolum
541 569 642 623 malum
650 577 677 622 et
686 567 815 631 fraudem
827 565 925 621 Romu·

143 655 237 691 uorum
251 637 327 709 leges
355 673 923 693 ........
944 637 993 688 190

109 738 181 795 Cur.
195 739 272 792 XVI.
273 739 405 799 -Quid'
395 757 455 809 Jure
472 740 592 795 Romano
605 739 737 792 sancitum
755 738 791 791 sit
808 747 838 790 ut
854 737 924 790 bone

144 808 217 861 fide
210 817 277 862 luter
288 809 405 880 privatos
417 811 599 863 contrahatur:
618 809 742 879 exempla
753 808 786 860 ad
800 807 842 860 id.
914 843 922 859 .
944 809 992 859 190

110 921 136 972 (1
137 938 182 974 ιι»,
195 920 285 974 XVII.
287 921 504 1002 -Philusophiae
516 931 543 975 et
551 921 764 1002 jurisprudentiae
777 920 925 973 differentia

145 991 174 1044 Ιιι
185 991 311 1044 tollendis
325 992 447 1044 astutiis:
464 1001 604 1062 precepta,
617 1009 649 1043 ne
661 991 725 1061 quid
737 991 783 1042 fiet
795 990 925 1042 fallaciter
942 992 990 1043 001

112 1103 183 1156 Cur.
196 1103 301 1156 XVIII.
303 1103 397 1156 -Viri
415 1104 477 1156 boni
492 1120 562 1166 esse,
575 1104 642 1156 nihil
661 1103 728 1156 lueri
740 1103 869 1174 accipere,
881 1103 924 1156 eui

146 1172 319 1253 turpitudinis
341 1173 403 1242 quid
427 1173 501 1237 insit,
522 1174 627 1226 etiamsi
649 1173 707 1226 uine
728 1173 808 1242 culpa
828 1189 878 1224 sua
897 1172 924 1224 id

145 1243 303 1312 fieripossit
358 1278 924 1296 ........
943 1244 994 1294 tut

113 1341 185 1394 Gur.
198 1341 274 1394 XIX.
276 1341 372 1393 -Viri
384 1341 446 1394 boni
458 1342 546 1395 notio.
567 1361 646 1413 quam
659 1342 767 1395 difficile
785 1342 825 1394 vir
840 1342 925 1394 bonus

147 1411 291 1480 reperiatur
356 1447 923 1465 ........
943 1414 995 1463 006

114 1511 185 1564 Onu.
198 1511 252 1564 XX
254 1511 775 1583 .—Nunqunmessecausampeecnndi
837 1515 995 1564 ..008

114 1616 186 1669 Cur.
205 1615 283 1669 XXI
284 1616 366 1668 —Ex
389 1634 479 1669 eorum
503 1617 626 1686 opinione
650 1617 695 1686 qui
716 1616 785 1686 quod
807 1615 927 1668 videatur

148 1684 224 1749 utile,
237 1686 377 1738 honestum
390 1702 449 1738 esse
458 1687 587 1754 judicant,
601 1703 697 1757 magne
709 1686 781 1738 mala
792 1685 880 1737 oriri.
917 1687 996 1737 ,010

114 1794 186 1847 Cur
196 1793 278 1847 XXII
282 1794 407 1846 -Varra
415 1794 544 1863 erudreat
555 1794 679 1874 exempla
688 1794 793 1856 Cicero,
802 1803 831 1845 ut
839 1802 927 1862 pateat

149 1879 196 1933 qut
186 1862 270 1915 boni
282 1864 333 1916 viri
345 1873 433 1934 partes
445 1864 618 1933 expleverint,
631 1873 676 1916 aut
688 1863 853 1933 neglexerint
918 1864 995 1915 ,013

5 1961 12 1971 ’
115 1963 185 2017 Cur.
199 1962 304 2016 XXIII.
305 1963 433 2024 -Quid
426 1980 453 2016 ιιι
465 1964 555 2017 causis
573 1963 732 2034 quibusdam
748 1963 837 2016 dubiis
849 1979 928 2032 agen·

148 2032 213 2086 dum
225 2033 261 2085 uit
280 2069 925 2086 .........
944 2035 996 2086 015

116 2133 186 2186 Cur.
165 2132 309 2253 .tXXIV.
302 2132 429 2186 .-Pecta
446 2142 473 2186 et
491 2142 621 2187 conventa
641 2150 778 2203 semperne
799 2133 928 2185 servande
944 2204 996 2254 2¹8

149 2201 192 2254 siu
279 2239 925 2256 .........

115 2303 186 2357 Cur
200 2303 290 2357 XXV.
291 2303 390 2357 -Nun
409 2322 485 2358 omne
503 2305 663 2376 promissum
680 2323 740 2358 esse
759 2306 925 2368 serrandum,

149 2390 234 2443 neque
246 2373 396 2444 depositum
409 2391 512 2444 semper
523 2375 685 2428 reddendum
697 2392 758 2427 esse
838 2411 844 2427 .
917 2411 924 2427 .
944 2376 993 2426 019

116 2473 187 2527 Gur.
209 2473 313 2527 XXVI
314 2475 514 2544 -Exemplum
539 2475 650 2544 Ulyssis
680 2475 787 2527 adducit
815 2474 948 2527 Cicero:-

151 2560 233 2613 quum
245 2544 385 2596 honestum
398 2562 449 2596 non
462 2545 506 2607 sit,
519 2562 568 2596 uec
580 2546 645 2597 utile
658 2561 718 2596 esse
730 2561 810 2614 posse
840 2581 847 2595 .
920 2582 927 2596 .
944 2547 978 2596 00

32 2698 36 2705 ,
115 2644 186 2697 Cur.
200 2643 318 2697 XXVII
320 2644 428 2705 -Qurd
441 2646 531 2698 secent
543 2645 687 2716 Regulus
760 2683 767 2698 .
839 2681 846 2696 .
919 2648 973 2696 .οῖ

117 2745 187 2798 Cur.
201 2744 333 2798 xxvnl.
334 2745 436 2806 -Quae
454 2755 544 2798 eontra
561 2746 696 2816 Regulum
716 2746 851 2798 dicautur:
871 2745 928 2814 qui·

150 2815 352 2884 hunargument
342 2815 444 2868 thaeeis
457 2815 609 2868 refellantur
679 2852 687 2868 .
759 2853 766 2867 .
838 2817 959 2866 ..0

117 2924 186 2978 Cur.
200 2926 304 2979 XXIX.
305 2927 406 2987 -Quae
425 2927 462 2979 eit
480 2927 546 2979 fides
562 2926 735 2995 jurisjurandi
754 2944 814 2979 eum
833 2927 926 2987 hoste3

150 3011 208 3065 que
226 3011 288 3048 eum
308 2996 445 3065 praedone3
468 3014 520 3064 qua
537 2997 687 3048 conditione
705 3006 791 3049 return
810 2997 879 3047 fiat
869 3011 927 3061 Jus-

147 3064 306 3132 jurandum:
326 3065 406 3132 huJue
416 3081 454 3116 rer
447 3064 589 3134 exempla
597 3101 926 3117 .....

119 3168 189 3221 Onu.
208 3168 298 3221 XXX.
299 3167 452 3228 -Quidam
473 3168 586 3220 Romani
605 3168 727 3221 hostibus
745 3166 843 3218 dediti:
864 3166 926 3236 quid

151 3238 188 3290 eit
199 3237 227 3290 in
238 3238 343 3308 Regulo
356 3238 502 3290 maximum
520 3273 924 3290 ......

117 3346 187 3400 Cur.
206 3346 302 3401 XXXI
304 3347 472 3417 -Antrquts
502 3347 605 3400 nullum
631 3346 800 3416 jurejurando
829 3346 917 3398 aretiur

152 3415 286 3471 vineulum
