2054 3946
354 480 426 529 LIB.
443 480 496 527 111.
528 480 606 527 CAP.
622 479 678 527 111.
899 485 954 541 lllll

70 599 175 669 potest.
219 589 296 647 Nam
323 591 378 647 siri
405 591 567 658 honestum,
591 591 685 647 solum
713 591 819 648 bonum
846 600 899 656 est,
923 600 954 647 ut

69 671 179 728 Stoicis
203 670 296 745 placet
306 673 332 736 3*
354 670 415 726 sive
436 671 512 741 quod
534 671 684 727 honestum
710 682 762 737 est,
779 670 805 726 id
823 671 860 726 ita
878 689 954 727 sum·

67 768 149 807 mum
172 751 279 807 bonum
301 759 353 816 est,
372 749 611 821 quemadmodum
633 750 829 825 Peripateticis
853 751 953 806 vestris

69 829 192 895 videtur,
208 840 239 885 ut
252 828 349 885 omnia
362 848 399 885 ex
414 829 500 885 altera
521 840 599 904 parte
614 829 759 895 collocata,
777 830 824 884 vix
841 829 952 885 minimi

69 910 209 967 momenti
230 907 331 968 instari
354 908 496 965 babeant:
526 907 708 965 dubitandum
733 928 789 965 non
814 920 866 973 est,
884 909 953 979 quin

70 1006 217 1060 nunquam
251 988 344 1062 possit
370 987 476 1043 utilitas
503 1006 568 1044 cum
595 987 741 1044 honestate
769 987 949 1044 contendere.

70 1066 169 1139 ltaque
182 1067 356 1143 accepimus,
372 1067 518 1124 Socratem
532 1068 672 1123 exsecrari
687 1067 801 1123 solitum
816 1086 876 1131 cos,
891 1068 951 1138 qui,

70 1146 193 1221 primum
210 1146 270 1203 lraec
284 1156 382 1202 natura
396 1146 577 1211 cohaerentia,
593 1147 728 1220 opinione
743 1147 950 1202 distraxissent.

69 1225 127 1282 Cui
142 1223 257 1297 quidem
273 1225 310 1280 ita
323 1235 390 1281 sunt
410 1226 500 1282 Stoici
515 1226 635 1289 assensi,
651 1236 681 1281 ut
701 1236 729 1281 et
750 1225 886 1297 quidquid
903 1226 952 1281 ho-

68 1316 181 1361 nestum
204 1315 289 1371 esset,
303 1304 331 1360 id
344 1305 413 1361 utile
434 1323 497 1360 esse
519 1317 687 1371 censerent;
709 1323 763 1361 nec
782 1306 850 1361 utile
871 1305 952 1376 quid-

69 1402 166 1456 quam,
183 1382 259 1455 quod
274 1402 331 1440 non
346 1384 508 1441 honestum.

107 1462 195 1529 Quod
211 1462 236 1518 si
252 1462 275 1518 is
290 1474 367 1519 esset
387 1463 558 1535 Panaetius,‡
579 1462 627 1534 qui
648 1462 779 1519 virtutem
804 1475 952 1538 propterea

68 1541 217 1599 colendam
239 1541 354 1609 diceret,
369 1541 446 1614 quod
460 1561 493 1597 ea
506 1542 633 1598 efficiens
654 1543 782 1599 utilitatis
804 1554 899 1609 esset;
921 1554 952 1599 ut

68 1621 100 1689 ii,
122 1623 172 1692 qui
197 1640 242 1677 res
267 1621 440 1696 expetendas
466 1621 512 1676 vel
536 1621 689 1697 voluptate,
710 1623 754 1678 vel
780 1622 951 1695 indolentia§

68 1703 241 1759 metiuntur:
264 1701 363 1758 liceret
382 1702 408 1757 ei
429 1701 533 1767 dicere,
550 1700 698 1757 utilitatem
713 1701 864 1772 aliquando
885 1721 950 1757 curn

67 1780 217 1837 honestate
239 1799 374 1856 pugnare.
416 1779 475 1836 Sed
495 1799 560 1836 curn
582 1780 619 1835 sit
639 1780 674 1846 is,
688 1781 737 1850 qui
752 1780 780 1836 id
795 1780 887 1836 solum
902 1782 951 1837 bo-

67 1878 139 1917 uum
156 1860 275 1936 judicet,
292 1860 368 1931 quod
384 1860 533 1916 honestum
553 1860 607 1925 sit;
630 1878 692 1930 quae
707 1869 800 1915 autem
822 1859 888 1915 huic
910 1879 951 1916 re-

67 1950 198 2014 pugnent
217 1940 314 2014 specie
327 1938 447 2010 quadam
470 1938 608 2004 utilitatis,
624 1957 721 1994 eorum
743 1957 835 2010 ncque
857 1957 951 1994 acces-

67 2020 150 2075 sione
175 2019 322 2076 meliorem
346 2023 431 2074 vitam
453 2018 524 2084 lieri,
539 2036 592 2074 nec
613 2018 779 2074 decessione
803 2019 947 2093 pejorem:

68 2116 127 2154 nou
140 2097 251 2154 videtur
265 2098 406 2174 ejusmodi
427 2096 559 2153 debuisse
574 2096 805 2154 deliberationem
828 2097 951 2154 introdu-

68 2194 144 2242 cere,
157 2178 185 2233 in
201 2196 266 2248 qua,
279 2177 355 2248 quod
371 2177 439 2234 utile
455 2176 604 2242 videretur,
617 2195 681 2232 cnm
697 2195 741 2244 eo,
757 2175 834 2249 quod
848 2177 950 2234 hones·

70 2266 131 2313 tum
146 2266 199 2321 est,
215 2266 433 2331 compararetur.

108 2335 226 2392 Etenim
240 2335 317 2407 quod
331 2353 474 2391 summurn
488 2335 594 2390 bonum
609 2355 625 2391 a
639 2335 744 2392 Stoicis
759 2335 870 2402 dicitur,
884 2355 950 2392 con·

69 2413 216 2471 venienter
229 2426 334 2471 naturae
348 2415 453 2480 vivere,
471 2412 498 2468 id
513 2413 598 2469 habet
617 2415 700 2479 hanc,
715 2426 746 2471 ut
760 2417 871 2490 opinor,
887 2434 950 2472 sen·

68 2494 197 2559 tentiam,
210 2514 274 2551 cuur
291 2495 390 2572 vistute
404 2494 570 2568 congruerell
587 2512 718 2569 semper:
741 2506 834 2551 cetera
846 2505 949 2560 autem,

70 2591 133 2644 quae
149 2574 306 2630 secundum
321 2583 449 2630 naturam
464 2581 569 2639 essent,
585 2573 623 2629 ita
636 2574 764 2650 legeret
781 2575 841 2631 siea
857 2575 950 2630 virtuti

103 2738 117 2767 s
131 2730 215 2794 Stoicis
221 2732 306 2794 ploret.
340 2730 477 2794 pemmoni.

101 2784 117 2887 p
129 2784 349 2830 Mmtmrmomcntt
360 2784 437 2829 turtur
446 2801 455 2827 .·
473 2783 557 2829 notttre
567 2785 625 2831 leod
636 2787 681 2831 we'
699 2785 723 2831 tt
732 2786 757 2831 r'n
770 2786 806 2832 tte
816 2785 885 2831 scote.

127 2836 150 2880 tr
160 2839 219 2882 esset
231 2839 375 2884 Panaetius:
392 2837 416 2893 if
423 2836 547 2882 Panaetius
559 2850 610 2883 roos
621 2851 681 2884 mac(
708 2840 776 2885 ttosc.

106 2889 284 2944 §Indolentio:
304 2889 435 2946 absencetff
443 2890 503 2944 pot'n
522 2893 572 2934 ond
589 2893 689 2937 trouble.
723 2893 781 2936 'siris
789 2891 861 2943 word,
873 2891 898 2934 in
911 2891 950 2934 tlte
966 2907 968 2910 ·

69 2946 166 3000 present
182 2955 259 2996 senso,
271 2944 291 2987 is
307 2943 421 3000 probably
433 2943 538 2998 peculiar
555 2949 578 2987 to
595 2945 684 2990 Cicero.
717 2946 754 2989 He
772 2945 895 2989 translates
912 2943 951 2987 tuo

69 3007 191 3040 summum
204 2996 293 3041 bonum
305 2999 333 3042 of
342 2997 503 3050 Hieronymus
515 2997 542 3039 ol
551 2998 652 3053 Rhodes,
662 2998 751 3054 (which
763 2999 784 3042 is
794 2998 826 3053 by
838 2997 888 3040 that
899 2997 951 3051 pni-

69 3048 162 3110 tosoper
173 3049 262 3093 termed
274 3050 414 3103 dectracta)
430 3052 443 3074 “
451 3050 545 3094 Dotoris
560 3052 637 3097 omnis
654 3051 814 3102 amotionem·
834 3051 863 3094 ut
875 3050 906 3093 t'to
918 3050 951 3094 di·

69 3113 130 3155 cant,
142 3102 322 3146 indolentiam.”
357 3103 391 3144 De
403 3103 456 3147 Fin.
467 3103 490 3145 ii.
502 3104 523 3146 3.

103 3154 111 3209 Ι
133 3157 274 3210 congruere.
308 3154 360 3198 The
378 3155 452 3199 Stoice
472 3155 525 3199 held
542 3157 592 3201 that
611 3155 784 3214 bpodoyoupivcrc
793 3157 819 3209 τῇ
828 3159 888 3208 φύσει
907 3156 949 3213 ζῇν.

68 3220 119 3252 was
129 3212 172 3251 not
183 3213 207 3252 to
220 3209 247 3253 be
265 3207 436 3263 distimuisned
446 3209 505 3252 from
523 3209 569 3252 κατ’
579 3210 656 3260 ἀρετὴν
666 3209 709 3263 ζῇν.
746 3209 811 3267 Drog.
824 3210 899 3251 Lacrt.
912 3218 951 3249 vn.

69 3261 106 3306 87.
140 3262 176 3305 To
190 3262 235 3305 live
250 3263 275 3306 in
292 3262 433 3314 conformtty
446 3261 504 3304 with
522 3262 560 3304 the
577 3261 623 3303 lew
635 3261 663 3302 ot
677 3263 767 3308 nature,
780 3273 799 3302 rs
811 3261 951 3315 certainlya

69 3314 119 3360 mle
127 3314 226 3369 capable
234 3316 261 3359 ot’
268 3315 402 3364 dacremus
410 3313 593 3368 interpretation,
603 3312 643 3357 but
652 3324 707 3366 may
715 3312 743 3356 be
753 3313 808 3356 tbus
817 3313 952 3367 explained,

68 3367 154 3464 tltatbpt
168 3368 232 3464 tisedto
249 3369 295 3412 live
313 3368 338 3412 in
356 3368 497 3422 conformity
509 3372 534 3412 to
550 3367 589 3410 tbe
602 3367 712 3410 relations
724 3365 801 3409 which
813 3372 896 3410 nature
909 3367 951 3412 has

69 3426 121 3469 esta
147 3421 167 3463 is
215 3452 222 3466 .

102 3472 119 3530 1
136 3474 333 3529 cerere-tegere.
367 3473 417 3519 The
424 3477 477 3528 rest,
484 3472 614 3518 numbered
624 3472 655 3529 by
663 3473 700 3518 tlte
710 3472 786 3519 Stoics
794 3486 880 3530 among
889 3486 942 3519 com

496 3533 533 3588 ta
