2054 3946
68 206 107 260 90
386 199 432 244 ua
452 199 633 245 orrrorrs.

69 319 170 386 praeter
193 328 276 365 sunm
298 308 444 383 negotium
460 327 553 383 agere,
570 308 641 365 nihil
664 306 698 364 de
721 306 778 365 alio
793 306 948 379 anquirere,
994 372 997 377 ¹

70 390 245 460 minimeque
274 407 338 443 esse
366 388 396 444 in
425 388 518 444 aliena
547 388 693 463 republica
712 388 871 444 curiosum.
910 386 950 445 lte

70 469 128 525 sere
147 469 242 524 officia
263 469 449 542 reperientur,
465 487 530 524 curn
549 478 699 538 quaeretur,
714 466 783 539 quid
804 466 912 532 deceat,
925 474 951 523 et

70 547 138 619 quid
154 560 250 622 aptum
270 549 308 603 sit
329 548 470 622 personia,
487 547 673 621 temporibus,
687 547 829 603 aetatibus.
873 544 951 605 Nihil

70 637 115 682 est
128 640 232 692 autern,
248 626 323 698 quod
339 638 396 682 tarn
417 627 524 692 deceat,
541 644 626 697 quam
640 627 669 682 in
684 626 762 681 omni
785 644 815 682 re
832 624 952 701 gerendo

70 707 249 778 consilioque
264 705 403 781 capiendo
419 724 530 762 servare
546 706 763 762 constantiam*

72 833 161 891 OAP.
188 835 315 892 XXXV.
342 833 428 904 Quod
454 834 496 891 sit
521 833 600 910 quod
626 832 743 902 decem,-
772 830 951 891 verecundis

299 933 437 972 normam
451 934 470 971 a
483 922 595 972 nutura
609 912 718 971 doceri.

112 1026 174 1082 Seu
189 1028 324 1098 quoniam
346 1025 479 1083 decomm
502 1025 571 1082 illud
586 1026 616 1082 in
637 1024 770 1082 omnibus
791 1022 886 1089 saetis,
900 1020 954 1079 die·

72 1106 120 1171 tis,
136 1106 165 1161 in
184 1106 310 1180 eorporis
333 1104 455 1177 denique
478 1116 557 1161 motu
579 1116 607 1161 et
627 1115 700 1161 statu
721 1106 857 1171 cernitur,
872 1102 953 1175 idque

73 1186 198 1260 positum
214 1198 258 1241 est
272 1185 301 1241 in
316 1186 403 1241 tribua
419 1187 513 1251 rebus,
529 1184 714 1248 formositate,
731 1184 842 1250 ordine,
858 1192 953 1239 ornatu

74 1263 108 1321 ed
124 1267 263 1321 actionem
279 1276 354 1339 apto,
366 1264 528 1320 difficilibus
544 1263 578 1319 ad
591 1263 810 1335 eloquendum,†
823 1262 874 1319 sed
890 1261 953 1319 satie

74 1344 127 1399 erit
140 1344 277 1418 intelligi,
299 1345 329 1400 in
344 1344 389 1400 his
405 1355 498 1400 autem
514 1343 602 1399 tribus
616 1345 777 1400 continetur
790 1362 860 1399 cura
873 1342 952 1399 etiam

74 1423 133 1488 illa,
149 1435 179 1479 ut
199 1424 352 1498 probemur
366 1424 412 1487 iis,
428 1424 530 1494 quibus
551 1426 632 1495 eumss
647 1421 722 1497 apnd
736 1440 870 1494 quosque
886 1423 954 1479 vire·
995 1450 997 1489 ;

74 1521 154 1559 rrius:
178 1503 222 1558 liis
238 1522 352 1574 quoque
368 1491 402 1560 de
418 1504 501 1558 rebus
518 1521 607 1576 pauca
621 1501 759 1558 dicantur.
952 1562 955 1567 ,
995 1550 997 1557 .

113 1582 272 1656 Principio,
286 1583 413 1657 corporis
432 1582 520 1638 nostri
536 1600 666 1656 magnam
682 1592 783 1637 natura
804 1580 871 1656 ipsa
883 1578 954 1637 vide·
993 1574 997 1617 ·'

74 1671 119 1717 tur
133 1661 266 1717 habuisse
282 1662 437 1718 rationem:
462 1680 524 1732 quae
539 1661 658 1718 sormam
668 1672 795 1718 nostram
811 1660 954 1731 reliquum·
994 1630 997 1729 l

75 1760 130 1813 que
146 1742 275 1816 figuram,
291 1741 390 1813 inqua
410 1751 487 1797 esset
507 1741 618 1815 species
640 1740 769 1807 honesta,
785 1758 850 1795 eam
866 1738 955 1813 posuit
995 1740 997 1773 ⁵

75 1822 104 1878 in
120 1836 251 1896 promtu:
275 1840 338 1892 quse
354 1832 446 1895 partes
469 1832 561 1876 autern
584 1820 711 1894 corporis
734 1820 767 1876 ad
790 1829 898 1875 naturae
912 1834 954 1874 ne·

74 1902 237 1958 cessitatem
260 1900 340 1965 datae,
354 1912 499 1975 aspectum
524 1910 621 1955 essent
643 1899 800 1955 deformem
824 1898 955 1955 habiture

75 1990 160 2052 atque
186 1991 307 2055 turpem,
324 1998 371 2034 eas
393 1980 521 2036 contexit
542 1990 625 2050 atque
647 1977 762 2034 abdidit.
808 1977 894 2035 Hanc
913 1994 956 2033 na-

77 2071 145 2115 turae
169 2070 224 2116 tam
254 2059 418 2133 diligentem
447 2059 581 2115 fabricam
607 2058 714 2114 imitata
741 2066 787 2113 est
809 2057 956 2114 hominnm

77 2139 255 2194 verecundia.
311 2139 383 2203 Quae
418 2140 495 2195 enim
537 2152 635 2194 notura
667 2136 831 2201 occultavit,
861 2134 956 2193 endem

77 2235 188 2282 omneS,
212 2218 261 2287 qui
289 2237 358 2273 euna
385 2230 478 2273 mente
507 2228 583 2282 sunt,
604 2226 751 2273 removent
785 2217 819 2271 ab
851 2214 956 2271 oculis:

77 2296 190 2372 ipsique
209 2297 371 2352 necessitati
385 2296 453 2352 dant
473 2314 587 2371 operam
609 2306 640 2352 ut
661 2315 745 2368 quam
767 2294 958 2351 occultissime

76 2435 165 2483 Incolae
177 2439 200 2488 to
212 2447 226 2477 a
238 2433 356 2483 foreianer
365 2432 451 2485 having
464 2447 478 2476 a
490 2432 551 2477 tired
570 2434 691 2479 residence
704 2434 729 2478 in
744 2433 845 2479 another
855 2436 960 2489 country,

77 2491 119 2534 but
130 2489 230 2533 without
240 2487 362 2541 acquiring
374 2487 437 2530 tliero
469 2488 553 2531 oliticul
566 2489 645 2542 rights.

112 2547 124 2574 t
137 2541 233 2587 Servare
245 2540 428 2587 constantiam:
445 2500 568 2585 dirobseree
580 2541 729 2596 corroutertcy.

385 2641 536 2687 CHAPTER
556 2644 658 2687 XXXV.

110 2727 322 2786 †Dt‘1licili.¹›u.cud
333 2727 495 2780 eloquendum.
529 2728 584 2770 And
595 2727 650 2780 why
658 2724 667 2769 'l
704 2727 750 2770 Not
767 2738 800 2769 on
820 2730 925 2771 account
934 2726 961 2771 oi

78 2783 118 2826 the
129 2788 227 2838 povorty
239 2783 267 2824 or'
280 2781 316 2822 liis
330 2781 454 2840 lunguage,
466 2779 507 2822 but
524 2779 624 2823 because
640 2779 678 2823 the
695 2780 759 2822 rules
775 2792 815 2823 ore
835 2786 922 2825 matter
934 2778 961 2825 ol

78 2841 153 2889 taste3
172 2842 214 2878 not
234 2835 291 2888 only
303 2832 410 2886 differing
428 2844 451 2875 in
472 2832 579 2876 different
597 2833 716 2876 countries
733 2833 781 2876 end
801 2846 866 2887 ages,
878 2832 922 2879 but
939 2832 963 2877 ln

79 2901 149 2941 every
169 2888 312 2937 individual;
330 2886 389 2929 each
412 2885 498 2937 having
523 2886 559 2929 his
581 2898 635 2928 own
656 2885 774 2929 standard.
817 2889 855 2930 On
878 2886 963 2932 certain

79 2943 159 2997 points
179 2954 215 2984 we
236 2952 290 2994 may
304 2952 386 2992 auree;
412 2951 443 2981 ou
464 2939 548 2992 others,
561 2940 655 2993 disputo
677 2940 782 2983 furarer.
817 2940 963 2986 Formarum

80 3007 136 3089 map
144 2994 290 3091 rreferttottnte
302 2994 356 3048 gissa
374 2993 401 3036 of
416 2997 511 3047 nuture;
528 2994 592 3046 erdo,
603 2998 627 3035 to
645 2993 683 3037 the
701 2992 771 3036 effect
787 2994 815 3036 of
826 2993 963 3050 judgmcutt

94 3060 182 3091 rinno
212 3060 226 3088 o
248 3060 274 3089 as
284 3060 305 3091 e.

81 3061 94 3094 ⁹
114 3105 126 3149 ss
141 3079 235 3152 Quibus
245 3112 308 3144 crem.
337 3100 397 3142 Cum
407 3099 493 3154 uiribus
504 3098 615 3151 significa,
628 3099 687 3143 iture
696 3098 756 3143 tuith
767 3098 846 3144 tobom
861 3110 896 3145 we
906 3108 963 3143 mro

63 3152 136 3250 W
146 3152 297 3211 oursumily
310 3153 479 3212 urtdfriensls:
497 3152 563 3208 opud
574 3164 644 3208 uuus,
653 3165 695 3197 nur
707 3152 962 3210 enuntrpmemseltuto

97 3217 180 3251 nens·
