2054 3946
97 194 151 249 170
415 184 463 231 on
486 184 664 232 osricus.

93 317 151 354 nou
173 303 371 371 repugnarent.
414 286 580 360 Quodnam
602 296 642 352 ita
661 294 709 361 sit,
731 300 836 369 putant
854 290 966 367 quidam.

93 377 167 433 hano
176 376 416 451 comparationem
430 394 486 431 non
497 386 571 431 reete
584 371 786 439 introductam,
798 392 854 431 neo
863 374 968 431 omniuo

93 456 129 512 do
145 475 178 512 eo
194 474 295 531 genere
318 455 473 525 quidquam
495 451 719 530 praecipiendum
740 452 845 509 luisse.
886 453 968 525 Atque

94 535 163 591 illud
178 534 292 606 quidem
316 534 477 599 honestum,
494 534 569 604 quod
584 533 698 610 proprie
717 550 846 605 vereque
868 531 969 599 dieitur,
1015 552 1017 575 =

94 614 124 670 id
145 615 173 670 in
195 614 369 687 sapientibus
391 624 435 668 est
456 613 536 680 solis,
551 631 644 685 neque
659 631 676 669 a
690 612 794 669 virtute
816 611 916 669 divelli
927 630 971 669 un·

94 712 178 764 quam
194 702 296 767 potest.
338 692 372 748 In
382 693 417 748 iis
431 701 535 759 autem,
546 692 686 764 inquibus
701 692 846 767 sapientia
857 690 972 767 perfetta
1013 722 1017 767 !

97 791 155 828 non
171 783 223 836 est,
238 773 331 846 ipsum
346 771 416 827 illud
432 770 546 842 quidem
560 771 716 847 perlectum
730 770 889 828 honestum
901 770 972 827 nullo

95 851 190 917 modo,
206 850 407 907 similitudines
423 851 536 906 honesti
551 869 615 907 esse
630 859 761 924 possunt.
809 876 816 889 ·

135 931 207 986 Hac
221 932 298 986 enim
319 931 416 986 omnia
430 929 533 996 officia,
548 928 583 985 de
598 930 700 1001 quibus
722 928 769 985 his
782 928 867 986 libris
884 926 972 1005 dispu-

94 1018 193 1074 tamus,
206 1009 300 1065 media
314 1009 423 1065 Stoici*
435 1009 586 1083 appellant.
629 1009 674 1067 Ea
688 1008 971 1075 communiasuutet

94 1088 148 1145 late
163 1099 276 1163 patent:
299 1107 362 1159 quae
377 1099 405 1144 et
419 1088 526 1163 ingenii
540 1088 663 1145 bonitate
679 1088 762 1144 multi
777 1096 970 1160 assequuntur,
1015 1112 1017 1117 ·

94 1179 123 1223 et
137 1168 336 1243 progressione
354 1167 493 1224 discendi.
535 1167 609 1223 Illud
631 1177 724 1223 autem
746 1168 888 1233 officium,
902 1166 970 1241 qnod

93 1262 202 1304 rectum
214 1246 301 1303 iidem
317 1248 469 1322 appellant,
483 1246 638 1321 perfectum
650 1257 734 1317 atque
746 1246 911 1303 absolutum
924 1256 969 1313 est,

94 1338 132 1393 et,
143 1337 174 1382 ut
187 1326 274 1383 iidem
289 1326 395 1392 dicunt,
407 1344 506 1382 omnes
523 1344 655 1382 numeros
670 1325 755 1381 habet
765 1325 789 1393 ;†
803 1345 868 1393 neo,
878 1337 970 1403 preter
1015 1392 1017 1399 Ι

94 1408 262 1481 sapientem,
277 1406 377 1462 eadere
393 1407 421 1461 in
437 1423 609 1477 quemquam
624 1413 726 1479 potest.

135 1485 210 1542 Cum
226 1497 319 1541 autom
340 1484 447 1555 aliquid
470 1496 563 1539 aetum
586 1485 676 1540 estin
696 1502 754 1554 quo
773 1483 872 1541 media
885 1482 971 1541 officit
1014 1534 1017 1539 .

93 1574 283 1639 compareant,
299 1563 328 1621 id
349 1564 489 1620 cumulate
506 1562 615 1619 videtur
629 1581 693 1619 esse
707 1562 879 1640 perfectum,
894 1582 969 1639 prop·
1015 1568 1017 1627 ξ

94 1654 169 1700 terea
184 1642 260 1714 quod
276 1643 386 1717 vulgus,
399 1642 467 1713 qnid
483 1642 556 1698 absit
569 1662 585 1698 a
596 1642 733 1717 perfeeto,
748 1661 806 1699 non
822 1642 883 1699 lere
897 1642 969 1699 intol-
1015 1698 1017 1711 ,

93 1722 165 1798 ligit,
181 1732 318 1793 quatenus
341 1731 433 1777 autem
455 1721 596 1796 intelligit,
611 1722 683 1778 nihil
705 1731 785 1797 putat
807 1720 969 1796 praetermia-
1015 1722 1017 1743 '

93 1821 167 1858 sum.
210 1801 294 1867 Quod
316 1801 390 1857 idem
413 1802 441 1857 in
463 1802 613 1876 poematis,
629 1803 658 1858 in
675 1801 795 1877 picturis
818 1819 874 1857 usu
889 1802 967 1865 venit,

94 1881 122 1936 in
138 1881 258 1952 aliisque
272 1881 476 1956 compluribus,
488 1892 518 1936 ut
529 1881 703 1938 delectentur
713 1880 841 1955 imperiti
850 1880 969 1937 laudent
1012 1948 1017 1962 Ι

94 1978 149 2029 que
164 1979 197 2014 oa
212 1979 273 2029 quta
288 1960 427 2016 laudanda
441 1980 497 2017 non
512 1962 578 2023 sint,
594 1962 718 2024 obeam,
734 1958 831 2025 eredo,
848 1976 967 2025 eausam,

94 2036 171 2108 quod
193 2039 260 2093 insit
281 2040 308 2093 in
331 2039 375 2094 lris
397 2040 503 2110 aliquid
525 2039 617 2113 probi,
633 2038 708 2109 qnod
731 2039 826 2113 capiat
847 2039 968 2113 ignaros.

93 2116 142 2187 qui
158 2116 283 2186 quidem,
299 2117 366 2187 qnid
388 2119 417 2174 in
432 2137 488 2173 una
508 2136 619 2188 quaque
641 2137 670 2174 re
685 2118 747 2174 vitii
767 2119 815 2185 sit,
831 2126 969 2189 nequeant

92 2194 227 2271 judicare.
270 2195 367 2266 ltaque
390 2215 455 2252 cum
478 2197 536 2253 sint
560 2195 635 2253 docti
658 2216 675 2251 a
697 2197 806 2272 peritis,
833 2197 969 2253 desistunt

92 2274 174 2330 facile
188 2275 336 2351 sententia.

94 2418 182 2475 CAP.
205 2419 257 2476 IV.
308 2418 473 2476 Honestum
507 2438 573 2478 cum
600 2419 742 2478 utilitatis
770 2421 969 2501 repugnantia

288 2516 441 2575 nunquam
456 2517 516 2556 ease
532 2499 773 2576 comparandum.

133 2626 209 2683 Hinc
231 2628 316 2702 igitur
336 2627 438 2695 officia,
455 2627 488 2683 de
504 2629 606 2700 quibus
628 2629 672 2685 his
689 2629 769 2686 libris
791 2630 967 2696 disserimus.

94 2707 172 2778 qnasi
194 2706 318 2763 secunda
333 2706 461 2778 quaedam
482 2707 602 2765 honesta
622 2727 685 2765 esse
700 2708 808 2778 dieunt,
825 2730 884 2769 non
899 2711 970 2789 sapi·

91 2865 168 2917 moda,
175 2869 218 2910 not
229 2865 305 2919 bona;
322 2878 349 2910 as
359 2865 444 2919 bealtb‚
456 2866 547 2919 wealtb,
560 2867 642 2922 glory;
656 2867 675 2912 it
685 2880 736 2913 was
744 2869 909 2924 permittento
919 2871 969 2917 rats

92 2918 233 3016 αρὶὶῇἔίἓὶ·
253 2923 331 3015 nidi}
339 2931 465 3017 pu'rsue3or
476 2920 536 2964 wisb
547 2921 582 2964 sor
593 2921 665 2965 them.
698 2946 711 2973 .

122 3003 237 3072 †Omnei
246 2986 357 3068 autimi
366 2985 448 3071 ibice.
471 3025 636 3071 Huaollot'ned
644 3026 783 3090 perfectiore.
816 3032 840 3076 Δ
850 3030 969 3088 marapbo

90 3076 161 3137 taken
175 3078 234 3120 from
246 3078 284 3139 the
297 3079 420 3140 Palaestra.
453 3079 483 3122 In
494 3079 560 3124 those
572 3092 721 3131 exstensas
732 3094 789 3127 man
800 3084 858 3129 wlto
867 3082 969 3130 oxoollod

90 3139 115 3170 m
135 3135 286 3194 everyupomt
297 3143 347 3175 was
361 3132 417 3194 sard
434 3134 536 3194 “lomnes
557 3145 669 3178 numeros
687 3134 799 3181 habere.”
835 3139 928 3184 soum
942 3137 968 3182 do

86 3180 169 3227 benef.
182 3195 221 3229 vu.
231 3197 251 3230 o.
264 3187 284 3231 l.
319 3186 472 3242 Quintum.
482 3186 506 3230 9..
514 3186 553 3230 rt.
