2054 3946
116 191 171 245 110
432 188 478 233 DE
502 188 680 235 OFFICIIS.

112 297 230 351 arbitror
249 293 321 351 libro
342 295 498 369 superiore.
541 296 686 366 Sequitur,
701 306 733 353 ut
751 296 815 355 hae
835 296 983 357 officiorum

111 393 215 450 genera
235 392 399 448 persequar,
416 393 478 445 quae
499 376 642 448 pertinent
655 375 689 431 ad
703 378 768 432 vitae
783 376 903 444 cultum,
917 376 984 435 etad

111 473 206 510 earum
229 472 332 518 rerum,
354 454 455 524 quibus
477 464 592 509 utuntur
612 454 754 520 homines,
771 454 943 524 facultatem,
955 454 984 513 ad

111 552 191 607 opes,
208 532 242 589 ad
255 534 363 606 copias,
405 532 439 589 Iu
460 536 536 603 equo*
559 545 618 589 tum
640 534 728 605 quaeri
742 533 901 607 dixi,·quid
914 536 984 603 utile,

110 613 179 683 quid
202 611 318 669 inutile:
349 623 406 668 tum
435 631 472 668 ex
496 612 611 669 utilibus
635 611 703 684 quid
725 613 836 682 utilius,
856 625 904 672 erit
925 613 984 685 quid

110 693 233 749 maxime
258 691 335 747 utile.
377 691 421 748 De
442 691 545 763 quibus
571 690 664 749 dicere
689 692 848 767 aggrediar,
864 695 984 769 sipara

108 772 187 846 prius
202 772 237 827 de
253 772 380 828 instituto
395 771 476 827 aede
487 769 597 845 judicio
612 789 676 827 meo
691 771 818 833 dixero.†

148 852 328 922 Quamquam
342 852 419 906 enim
431 850 496 905 libri
508 850 597 905 nostri
608 851 770 925 complures
783 870 844 909 nou
858 850 944 911 modo
956 850 983 908 ad

107 930 230 1006 legendi,
247 929 396 986 sedetiam
418 928 452 985 ad
476 929 616 986 scribendi
637 929 762 986 studium
777 932 982 989 excitaverunt:

107 1022 201 1067 tamen
223 1009 363 1066 interdum
377 1026 485 1074 vereor,
502 1027 537 1064 ne
552 1008 720 1080 quibusdam
742 1010 827 1066 bonis
842 1010 912 1067 viris
931 1010 984 1087 plri-

106 1089 244 1165 losophiae
259 1107 365 1145 nomen
379 1089 416 1144 sit
430 1089 564 1153 invisum,
576 1089 778 1160 mirenturque,
794 1090 823 1147 in
838 1082 875 1146 ea
887 1099 982 1149 mutum
1016 1156 1018 1161 ¹

107 1188 153 1225 me
177 1188 269 1244 operae
291 1177 320 1224 et
340 1169 475 1243 temporis
497 1187 614 1242 ponere.
656 1168 721 1243 Ego
742 1178 839 1225 autem
856 1168 982 1242 quamdiu
1016 1176 1018 1183 '

105 1250 265 1323 respublica
292 1267 343 1323 per
364 1267 413 1304 eos
435 1250 610 1322 gerebatur,‡
641 1248 745 1318 quibus
770 1266 803 1304 se
829 1249 895 1323 ipsa
917 1268 982 1307 cetu·

105 1329 229 1394 miserat,
250 1346 351 1384 omnes
384 1346 461 1383 meas
490 1346 571 1384 curas
599 1328 843 1402 cogitationesque
873 1330 903 1386 in
929 1346 981 1385 eam

105 1407 293 1464 conferebam.
337 1406 413 1463 Cum
439 1417 532 1462 autern
558 1407 703 1463 dominatu
726 1407 822 1474 unius,
837 1408 934 1465 omnia
950 1418 983 1463 te·

105 1498 246 1552 nerentur,
268 1505 360 1557 neque
381 1497 457 1542 esset
477 1504 598 1557 usquam
619 1485 740 1542 consilio
764 1498 813 1542 aut
833 1486 983 1545 auctoritati
1014 1500 1017 1505 '

104 1567 194 1632 locus,
210 1568 304 1622 socios
328 1565 452 1637 denique
479 1565 589 1621 tuende
610 1565 785 1639 reipublice,
801 1584 933 1624 srrmmoa
949 1566 982 1623 vi·

105 1666 161 1712 ros,
176 1646 357 1711 amisissem;
381 1664 432 1700 nec
449 1664 492 1700 me
508 1645 660 1720 angoribus
676 1643 982 1716 dedidi,quibusera1u

104 1727 261 1791 coniectus,
274 1724 329 1781 nisi
344 1725 380 1780 iis
395 1724 574 1790 restitissem,
587 1743 639 1780 nec
654 1726 783 1798 rursum§
797 1725 926 1802 indignis
938 1726 981 1791 ho·

105 1806 180 1862 mine
197 1805 279 1862 docto
294 1805 495 1878 voluptatibus.

143 1886 237 1954 Atque
251 1884 358 1941 utinam
371 1884 530 1958 respublica
542 1884 677 1950 stetisset,
693 1902 750 1955 quo
764 1893 892 1959 eoeperat
904 1892 972 1941 statu

104 1982 157 2020 nec
171 1964 200 2019 iu
215 1963 347 2019 homines
361 1981 419 2019 non
440 1972 496 2018 tam
518 1962 792 2028 commutandarum,
808 1982 896 2035 quam
911 1982 982 2021 ever-

104 2042 252 2098 tendarum
271 2060 365 2098 rerum
391 2043 521 2118 cupidos,
544 2041 701 2098 incidisset.
744 2041 877 2101 Primum
900 2042 980 2107 euim,

106 2131 135 2177 ut
155 2132 245 2177 stante
267 2121 410 2196 republica
432 2122 522 2178 lacere
543 2122 715 2187 solebamus,
732 2120 761 2178 in
783 2122 895 2195 agendo
912 2122 980 2197 plus,

105 2220 191 2273 quam
216 2201 244 2257 in
267 2200 427 2267 scribendo,
449 2219 541 2276 operae
564 2219 756 2275 poneremus:
786 2200 891 2259 deiude
916 2200 980 2277 ipsis

104 2281 217 2356 scriptis
238 2299 296 2337 uon
316 2300 359 2345 ea,
375 2298 437 2351 quae
458 2299 542 2346 nune,
558 2280 610 2336 sed
629 2281 754 2337 actiones
776 2291 891 2337 nostras
910 2298 980 2339 man·

470 2439 621 2483 CHAPTER
638 2438 657 2483 1.

137 2527 186 2570 *In
197 2538 250 2579 qtae.
284 2524 343 2568 This
359 2527 478 2577 sentence,
490 2524 579 2577 ending
596 2523 706 2568 maxime
721 2523 789 2578 utile,
801 2535 823 2568 rs
835 2523 979 2581 thoughehy

105 2579 227 2626 Fecciolati
238 2578 286 2622 and
298 2579 363 2622 other
372 2577 466 2631 editors,
477 2583 502 2621 to
515 2576 542 2620 be
554 2589 585 2621 nn
597 2577 659 2620 inter
676 2577 771 2621 olation.

164 2632 313 2678 Si-dioeero.
348 2631 375 2675 Si
389 2632 502 2692 (fremuit
529 2631 554 2673 in
567 2630 612 2673 this
625 2591 675 2674 end
683 2630 773 2674 similar
783 2631 979 2727 passageuisnet

103 2690 125 2731 to
159 2684 333 2730 eunderstood
351 2685 487 2738 hypothetrc
520 2696 552 2739 y:
572 2683 767 2738 ruther‚witenl
803 2697 848 2730 eve
862 2686 978 2742 spoken·

104 2741 148 2785 few
160 2739 277 2795 prelatory
288 2738 399 2781 words—

365 2839 410 2884 “Si
422 2850 487 2882 nona
498 2838 561 2883 diem
573 2837 709 2882 mortalibus
721 2838 813 2883 almum

281 2895 374 2939 Aurora
383 2893 519 2937 extulerit’'
778 2946 835 2991 ΕΠ.
847 2959 869 2992 v·
882 2947 920 2993 64,
943 2912 946 2917 .

136 3038 149 3082 ss
162 3033 294 3078 Gerebaiur.
327 3031 366 3076 Al.
376 3031 525 3086 regebatur:
543 3029 621 3073 which
631 3030 723 3075 Ernesti
735 3031 832 3086 prefers.

135 3085 207 3138 §Nec
217 3098 324 3130 rursum.
359 3085 410 3129 The
427 3084 497 3147 Latin
516 3083 588 3127 idiom
601 3083 655 3128 here
668 3085 814 3139 approacbes
825 3085 866 3130 the
877 3082 980 3141 English.

100 3149 147 3183 reor
155 3139 231 3193 egem
239 3156 249 3183 .·
263 3139 311 3182 and
322 3137 361 3183 the
373 3138 449 3183 Greek
461 3150 488 3178 av
499 3138 534 3178 rut
546 3137 619 3178 πάλιν·
631 3136 709 3182 which
725 3138 773 3182 also
785 3138 805 3183 is
818 3138 945 3197 employed
956 3142 979 3185 n

91 3201 198 3248 express,
210 3204 242 3239 un
254 3192 295 3240 lde
305 3193 372 3240 ether
383 3192 456 3240 tuae.
