2054 3946
108 162 166 218 258
389 154 440 202 DE
467 152 707 200 SENECTUTE.

107 283 160 329 qum
172 263 353 326 conglutinavit,
365 271 451 312 natura
467 262 581 312 dissolvit.
613 262 669 312 Jam
686 260 765 310 omnis
776 260 951 323 conglutinatio
962 274 993 311 re

108 350 166 381 cens
177 349 246 394 egre,
257 332 388 380 inveterata
400 331 475 389 facile,
487 329 613 379 divellitur.
647 329 684 377 Ita
694 324 728 386 ti't.
740 336 768 378 ut
784 329 846 377 illud
864 331 933 377 breve
943 329 994 378 vitat

108 400 226 463 reliquum
234 415 279 448 uec
287 398 354 446 avide
363 397 522 461 appetendum
530 397 633 454 senibus,
643 412 688 444 nec
697 396 748 443 sine
757 410 831 445 causa
840 397 995 445 deserendum

108 467 145 515 sit.
180 467 299 528 Vetatque
316 465 473 529 Pythagoras,
490 464 585 529 injussu
602 463 756 526 imperatoris,
777 463 815 525 (id
831 471 877 520 est,
895 463 954 530 Dei)
967 463 996 512 ds

108 534 216 596 presidio
227 541 250 581 et
261 533 361 580 statione
373 532 426 580 vita
444 532 563 581 decedere.
597 529 693 579 Solurris
704 529 800 592 quidem
818 530 936 593 sapientis
952 531 996 580 elo·

109 600 176 660 giuru
193 608 235 657 est,
247 616 303 662 quo,
316 615 341 646 sa
358 607 431 660 negat
442 600 502 647 velle
521 613 591 647 suam
610 605 711 646 mortem
729 597 810 646 dolore
830 597 995 646 amicorumet

109 668 219 715 laurentis
236 681 326 714 vacare.
360 666 421 714 Vult
440 664 535 732 (credo)
553 681 581 713 se
597 680 649 712 esse
666 679 748 712 carum
766 665 825 712 suis.
861 665 911 713 Sed
933 663 995 714 haud

109 733 166 793 scio,
178 750 210 782 an
222 733 308 785 melius
321 732 433 782 Ennius:

242 834 257 857 “
264 830 385 933 Npmorp’e
396 828 504 886 lacrymis
515 828 616 884 decoret,
625 840 700 886 neque
710 825 795 873 iuuere
805 827 865 872 tletu

309 901 349 933 axi

110 992 169 1040 Non
179 999 260 1040 censet
267 991 396 1052 lugendam
404 1009 455 1040 esse
463 1000 571 1048 mortem,
578 1007 651 1054 quam
660 989 824 1040 immortalitas
830 998 996 1054 consequautr.

49 1078 101 1145 ‘p-
144 1059 158 1107 J
160 1076 199 1108 am
211 1075 296 1107 sensus
308 1059 418 1107 morienti
429 1059 515 1121 aliquis
531 1075 583 1107 esse
595 1066 678 1122 potest,
690 1058 758 1120 isque
769 1058 799 1106 ad
810 1058 930 1119 exiguum
942 1066 996 1106 tem·

111 1143 164 1190 pus,
175 1125 303 1189 prasertim
319 1125 386 1173 seui:
405 1134 459 1188 post
476 1133 576 1174 mortem
593 1125 698 1188 quidem,
715 1140 800 1173 sensus
819 1133 863 1173 aut
879 1124 996 1188 optandus

111 1201 153 1241 aut
165 1195 246 1242 nullus
258 1200 300 1241 est.
334 1192 382 1240 Sed
403 1194 448 1241 hoo
466 1193 607 1241 meditatum
624 1194 654 1240 ab
674 1191 834 1240 adolescentia
851 1192 922 1240 debet
940 1206 995 1248 esse,

111 1270 211 1309 rnortem
228 1268 256 1309 ut
277 1259 443 1320 negligamus:
467 1259 519 1307 sine
541 1275 590 1322 qua
611 1259 772 1316 meditatione,
794 1258 926 1320 tranquillo
946 1273 996 1306 essa

112 1327 193 1376 auimo
204 1344 275 1376 nemo
292 1335 377 1390 potest.
412 1326 564 1374 Moriendum
575 1326 641 1374 enirn
658 1335 721 1374 certe
731 1333 784 1384 est3
800 1333 826 1374 et
836 1326 861 1374 id
872 1326 995 1384 moestum,

112 1410 144 1443 art
160 1411 189 1443 eo
206 1395 258 1458 ipso
275 1394 321 1442 die.
355 1394 459 1442 Mortem
477 1394 549 1454 igitur
564 1393 675 1441 omnibus
695 1392 759 1440 horis
773 1392 954 1455 impendentem
969 1393 996 1440 ti·

112 1477 187 1520 ruens,
199 1465 240 1525 qul
253 1461 337 1525 poterit
349 1460 428 1509 animo
440 1461 584 1509 consisteret
620 1459 658 1509 De
670 1476 718 1522 qua
728 1459 823 1508 nonita
835 1461 909 1521 longa
919 1460 996 1522 ‹lispu-

112 1529 201 1577 tatione
219 1545 279 1592 opus
296 1544 347 1576 esse
360 1528 459 1586 videtur,
476 1543 532 1576 cum
550 1527 663 1585 recorder,
680 1542 731 1575 non
748 1528 827 1575 solum
844 1526 874 1574 L.
886 1526 995 1582 Brutum,

113 1595 154 1658 qui
171 1595 197 1644 in
215 1596 335 1644 liberanda
351 1595 428 1658 patria
442 1603 479 1643 est
492 1593 643 1652 interlectus3
661 1609 711 1642 non
732 1593 780 1642 duo
797 1593 893 1651 Decios,
909 1593 951 1656 qui
967 1593 995 1641 sd

112 1663 270 1711 uoluntariam
288 1671 387 1711 mortem
404 1678 501 1710 cursum
512 1677 628 1724 equorum
644 1661 819 1719 incitaverunt3
836 1676 887 1709 non
900 1661 936 1708 M.
946 1660 996 1709 Ati·

114 1730 179 1787 tium,
191 1729 232 1792 qui
250 1730 280 1778 ad
296 1728 440 1792 supplicium
457 1737 493 1777 est
507 1728 633 1790 proiectus,
644 1736 671 1776 ut
682 1728 753 1776 fidem
770 1726 832 1776 hosti
851 1728 931 1776 datam
943 1740 997 1776 oon·

113 1804 231 1855 servaret3
248 1812 298 1844 non
310 1797 370 1844 duas
388 1795 518 1858 Scipiones,
530 1796 572 1857 qui
590 1795 634 1844 iter
651 1795 733 1842 Poenis
745 1796 783 1843 vel
794 1795 932 1857 corporibus
948 1793 996 1843 suis

114 1865 233 1911 obstruere
244 1865 382 1921 voluerunt;
399 1879 449 1911 non
467 1879 539 1911 avum
551 1871 627 1919 tuum,
640 1861 669 1911 L.
680 1862 792 1920 Paulum,
803 1862 846 1924 qui
862 1870 938 1909 morte
954 1861 997 1909 luit

114 1932 208 1990 collega
220 1930 246 1977 in
258 1929 382 1978 Cannensi
399 1930 531 1991 ignominia
549 1929 718 1988 temeritatem
735 1944 785 1976 non
800 1929 836 1977 M.
849 1928 997 1986 Marcellum,

114 1998 184 2060 cujus
195 1997 317 2045 interitum
329 2013 360 2044 ne
378 1997 554 2046 crudelissimus
566 1996 661 2059 quidem
678 1996 753 2044 hostis
764 1995 854 2043 honore
871 1997 997 2058 sepulture

114 2080 192 2111 carere
204 2079 288 2125 passus
299 2073 349 2121 cst3
366 2065 406 2112 sed
425 2065 530 2124 legiones
540 2072 633 2112 nostras
647 2062 723 2125 (quod
738 2062 820 2125 scripsi
832 2062 859 2110 in
871 2069 886 2092 “
894 2061 997 2122 Origini·

115 2129 188 2196 bus'')
201 2129 227 2177 in
239 2146 294 2178 eum
306 2147 368 2193 saepe
380 2133 459 2179 locum
471 2130 585 2194 profectas
597 2130 667 2178 alacri
678 2130 759 2177 animo
767 2137 792 2176 et
801 2137 887 2186 erecto,
897 2129 961 2177 unde
971 2144 997 2176 se

115 2214 239 2259 nunquam
255 2197 369 2245 redituras
386 2199 559 2246 arbitrarentur.
593 2197 665 2257 Quod
682 2196 754 2258 igitur
764 2196 934 2254 adolescentes,
945 2203 970 2244 et
980 2193 997 2243 ii

115 2265 211 2328 quidem
222 2280 272 2312 non
283 2266 362 2312 solum
373 2264 469 2323 indocti,
480 2265 522 2312 sed
532 2264 604 2313 etiem
621 2264 709 2322 rustici,
721 2272 886 2322 contemnunt,
899 2263 923 2311 id
934 2262 997 2311 docti

115 2349 184 2380 senes
196 2331 369 2380 extimescentl

149 2399 256 2448 Omnino
270 2399 309 2460 (ut
326 2398 385 2446 mihi
397 2399 493 2461 quidem
505 2398 610 2464 videtur)
625 2397 756 2447 studiorum
774 2397 885 2445 omnium
903 2396 997 2445 satietas

118 2468 167 2514 vitae
185 2467 242 2514 facit
258 2467 397 2514 sutietatem.
432 2466 495 2514 Sunt
506 2466 611 2528 pueritie
623 2474 686 2514 certa
698 2465 790 2512 studia:
810 2481 871 2512 num
884 2465 958 2525 igitur
970 2479 998 2511 ea

115 2535 249 2581 ‹lesidcrant
261 2534 436 2582 adolescentesl
472 2533 536 2580 Sunt
547 2541 572 2581 ct
582 2533 688 2581 ineuntis
700 2532 880 2580 adolescentiae:
899 2547 959 2579 nuru
970 2546 998 2577 ea

116 2603 168 2663 jorn
180 2609 292 2648 constans
303 2601 401 2663 requirit
408 2608 471 2657 aetas,
479 2617 530 2662 quse
542 2600 620 2647 media
628 2599 732 2647 diciturl
769 2598 833 2646 Sunt
844 2598 916 2646 etiam
925 2599 998 2661 hujus

115 2668 205 2715 aetatis:
224 2685 292 2715 neca
303 2669 398 2731 quidem
408 2675 545 2729 queruntur
557 2683 570 2714 a
582 2676 711 2714 senectute.
745 2664 809 2714 Sunt
820 2673 927 2713 extrema
936 2681 998 2727 quae·

115 2735 170 2782 dam
182 2735 260 2783 studia
277 2735 412 2783 senectutis.
445 2735 518 2794 Ergo,
529 2742 557 2781 ut
574 2734 721 2795 superiorum
732 2740 829 2780 aetatum
846 2733 927 2780 studia
938 2731 998 2780 occi·

115 2802 183 2858 dunt,
192 2802 226 2849 sic
237 2803 348 2850 occidunt
359 2801 430 2849 ctiam
442 2801 585 2849 senectutis:
603 2801 666 2863 quud
677 2816 733 2848 cum
745 2799 831 2858 evenit,
840 2799 937 2848 satietas
946 2799 998 2846 sitis

116 2877 210 2929 ternpus
223 2878 343 2918 maturum
356 2869 437 2916 mortis
449 2868 524 2916 affert.

150 3002 218 3050 XXI.
235 3002 355 3065 Equidem
366 3019 416 3051 non
428 3002 503 3060 video,
515 3018 563 3058 cur,
573 3001 630 3063 quid
642 3001 692 3063 ipsc
704 2999 804 3047 sentiam
817 2998 846 3046 de
858 3007 941 3054 morte,
949 3012 997 3046 nort

114 3071 215 3118 audeam
229 3071 295 3118 vobis
307 3071 398 3118 dicere:
418 3070 480 3132 quod
493 3085 521 3116 eo
533 3069 619 3116 melius
631 3067 689 3116 milri
702 3082 796 3115 cernere
808 3066 896 3122 videor,
909 3081 956 3127 quo
969 3065 997 3112 ab

103 3155 131 3188 ca
146 3137 248 3204 propius
261 3141 354 3191 absum.
389 3139 445 3203 Ego
456 3145 547 3187 vestros
559 3143 647 3200 patres,
655 3135 686 3184 P.
695 3133 783 3197 Scipio,
795 3141 877 3196 tuque,
890 3132 920 3181 C.
932 3130 997 3181 Lali.

89 3272 113 3336 Ι
