2054 3946
419 518 501 565 CAP.
518 516 618 565 XXVI.
896 526 954 579 235

69 624 156 689 mhgio
166 624 274 677 Deorum
285 626 461 683 immortalium,
472 626 542 676 nohis
558 624 747 683 defendentieus,
760 626 827 676 lacile
839 626 954 677 ducebat.

67 694 154 759 Atque
164 693 190 743 id
201 702 282 744 aetum
299 702 343 753 est,
354 702 451 758 pretore
467 710 513 751 me,
524 692 689 757 quinquennio
706 702 762 742 anto
778 711 850 756 quarn
870 698 953 745 consul

68 776 126 877 ff
137 761 223 810 Mus.
257 762 339 826 ltaque
351 776 376 811 re
387 761 471 824 magis,
483 777 556 825 quam
568 761 712 818 auctoritate,
724 777 797 809 causa
808 761 849 809 illa
857 761 952 812 oretanae

104 960 200 1012 xxvi.
218 962 291 1023 Quod
308 962 328 1011 si
346 962 371 1012 in
388 978 461 1013 scena
482 962 516 1026 [id
527 971 570 1021 eat,
582 962 608 1011 in
625 962 757 1026 concione]
779 962 864 1024 inqua
884 965 953 1013 rehus

68 1027 170 1079 derisa
180 1028 326 1079 adumbratis
337 1029 383 1079 loci
394 1029 524 1093 plurimum
531 1039 574 1087 cst,
582 1037 662 1078 tamen
674 1047 757 1077 verunt
766 1031 827 1077 valet
839 1030 871 1091 (si
884 1032 954 1080 niodo

69 1094 96 1145 id
106 1094 253 1161 patefactum
263 1104 288 1146 et
298 1096 441 1146 illustratum
450 1099 506 1162 est‚)
517 1096 573 1158 quid
585 1096 609 1145 in
623 1097 725 1145 amicitia
734 1096 784 1144 ficri
796 1105 953 1160 oportetque

69 1170 122 1211 tota
132 1163 230 1213 varitate
241 1163 410 1227 perpenditurl
429 1164 514 1225 inqua
525 1163 571 1211 nisi
585 1164 625 1227 (ut
641 1164 739 1229 dicitur)
751 1174 858 1225 apertum
870 1174 953 1226 pectus

70 1228 161 1288 videas,
171 1238 289 1293 tuumque
305 1230 424 1289 ostendas,
436 1230 496 1279 nihil
513 1230 595 1287 fidum,
607 1231 668 1279 nihil
685 1232 833 1293 exploratum
851 1232 951 1279 hahens:

70 1310 103 1345 na
119 1312 200 1347 amare
216 1296 321 1360 quidem,
336 1304 379 1346 aut
398 1298 487 1354 amari3
511 1312 575 1356 cum,
586 1298 611 1346 id
628 1314 700 1360 quam
720 1314 772 1346 vere
791 1299 839 1354 liat,
851 1299 953 1358 ignores.

71 1362 228 1428 Quamquam
238 1364 284 1413 ista
295 1364 430 1424 manatio,
442 1363 552 1427 quamvis
569 1365 701 1427 perniciosa
718 1365 755 1423 sit,
771 1381 856 1414 nocere
873 1374 952 1414 tamen

71 1431 163 1481 maisi
174 1438 259 1495 potest,
270 1431 318 1480 nisi
328 1430 351 1480 ei
362 1431 404 1495 qui
415 1448 468 1480 eam
480 1431 569 1494 recipit,
582 1441 652 1494 atque
664 1450 692 1480 ea
703 1433 838 1480 delectatur.
872 1433 908 1481 Ita
918 1434 953 1487 tit,

71 1505 99 1547 ut
114 1496 137 1547 is
155 1498 340 1547 assentatoribus
360 1498 484 1562 patefaciat
502 1514 571 1546 aures
589 1515 645 1548 suas
664 1500 775 1558 maxirnc,
787 1500 828 1562 qni
841 1500 891 1562 ipse
909 1499 952 1548 sibi

71 1572 212 1623 mutetur,
223 1573 248 1614 et
258 1581 284 1614 se
295 1566 400 1615 maxime
411 1565 462 1629 ipse
473 1566 580 1615 delectet.

104 1631 213 1682 Omnino
229 1640 266 1682 cst
284 1649 369 1682 amans
391 1633 429 1682 sui
449 1634 538 1682 virtus:
565 1632 653 1696 optime
672 1633 737 1681 enim
759 1648 784 1680 sc
802 1632 854 1695 ipsa
872 1632 953 1691 novit;

71 1714 192 1763 quamque
215 1700 322 1749 amabitis
344 1701 382 1757 sit,
402 1700 520 1761 intelligit.
562 1700 616 1762 Ego
638 1709 718 1749 autern
743 1716 790 1747 non
815 1700 844 1746 de
867 1701 953 1747 virtute

71 1780 139 1817 nune
149 1768 240 1830 loquor,
251 1768 293 1815 sed
305 1769 334 1817 de
346 1767 439 1816 virtutis
455 1767 582 1831 opinione:
601 1768 686 1817 virtute
697 1766 763 1816 enirn
780 1767 832 1830 ipsa
843 1783 859 1814 n
875 1782 891 1814 n
904 1775 952 1814 tarn

70 1833 141 1882 multi
151 1834 243 1896 prediti
254 1850 312 1893 csse,
324 1851 395 1897 quam
407 1835 488 1892 videri,
501 1836 591 1883 volunt.
625 1836 678 1884 Hos
695 1835 795 1883 delectat
812 1833 952 1881 assentatio:

70 1899 189 1950 hislictus
200 1901 231 1950 ad
241 1901 348 1964 ipsorum
358 1903 504 1951 voluntatem
520 1918 597 1950 sermo
609 1918 664 1951 curn
682 1903 811 1958 adhibetur,
823 1901 953 1948 orationem

71 1968 138 2017 illam
148 1983 236 2017 vanam
247 1967 410 2017 testimonium
421 1985 473 2016 esse
485 1969 583 2017 laudum
595 1985 690 2017 aearum
702 1977 794 2032 putant
828 1968 904 2016 Nulla
915 1975 953 2015 cst

70 2032 145 2095 igitur
162 2034 214 2083 haec
232 2035 343 2095 amicitia,
353 2051 409 2084 cum
427 2038 486 2083 alter
505 2051 588 2085 uerum
607 2036 688 2084 audire
707 2052 756 2083 non
777 2037 835 2092 vult,
848 2036 906 2083 alter
923 2034 952 2082 ad

70 2100 237 2150 mentiendum
245 2110 341 2165 paratus
352 2110 395 2150 ast.
429 2102 482 2151 Nec
493 2103 648 2165 parasitorum
660 2102 685 2151 in
697 2102 818 2150 comoediis
825 2102 953 2151 assentatio

70 2168 141 2217 nobis
149 2167 225 2218 lacera
235 2168 360 2228 videretur,
369 2168 416 2218 nisi
427 2176 507 2218 essent
518 2170 608 2218 Milites
619 2169 729 2218 Glorioai.

235 2268 357 2327 “Magnas
368 2281 423 2313 vero
434 2246 501 2328 agere
512 2269 597 2328 gratias
608 2269 680 2314 Thais
690 2269 748 2313 mihi
757 2268 783 2315 ?'’

71 2374 136 2424 Satis
152 2382 203 2424 erat
218 2376 366 2439 respondere,
383 2375 537 2437 “Magnam'’
555 2376 713 2438 “Ingentes'’
733 2377 819 2441 inquit.
854 2378 953 2443 Semper

72 2450 144 2504 suget
154 2449 285 2491 assentator
295 2443 327 2501 id,
339 2443 403 2504 quod
414 2442 442 2501 is,
453 2445 523 2507 cujus
535 2444 565 2492 ad
576 2445 722 2494 voluntatem
734 2446 826 2504 dicitur,
838 2449 890 2495 vult
901 2463 952 2495 esse

71 2524 195 2570 magnum.
238 2510 407 2568 Quamobrem,
424 2510 532 2572 quamvis
549 2512 636 2560 blanda
655 2512 702 2560 ista
718 2513 810 2561 vanitas
831 2515 893 2576 apud
911 2530 953 2562 eos

71 2577 156 2634 valeat,
168 2575 209 2639 qui
221 2575 266 2640 ipsi
278 2576 343 2625 illam
361 2579 472 2625 allectant
483 2586 507 2625 et
516 2577 632 2637 invitant;
650 2587 730 2628 tamen
747 2581 819 2628 ctiam
836 2580 953 2640 graviores

71 2642 290 2705 constantioresque
302 2644 446 2692 admonendi
457 2653 520 2704 sunt,
532 2654 560 2694 ut
570 2646 677 2695 animum
690 2647 856 2704 advertentes
868 2647 952 2695 callida

71 2709 231 2759 assentatione
243 2710 373 2773 capiantur.
406 2711 495 2774 Aperte
507 2713 572 2761 enirn
589 2714 725 2762 adulantem
737 2729 808 2761 nemo
820 2729 869 2760 non
882 2713 951 2772 videt,

71 2776 118 2826 nisi
129 2776 172 2841 qni
183 2777 312 2826 admodum
329 2787 365 2827 est
381 2794 472 2827 excors.
507 2779 615 2828 Callidus
632 2780 671 2828 ille
682 2788 706 2828 ct
717 2781 824 2827 occultus
836 2796 866 2826 ne
878 2795 904 2826 se
916 2778 952 2828 in·

70 2844 157 2902 sinuat,
173 2843 278 2892 studiose
297 2845 429 2893 cavendum
450 2855 501 2894 est:
527 2862 572 2894 nce
592 2846 656 2893 enirn
679 2845 788 2894 facillime
809 2846 951 2907 agnoscitur,

71 2911 159 2974 quippe
170 2911 211 2973 qui
223 2911 295 2959 ctiam
307 2912 450 2960 adversando
463 2928 524 2975 sepe
536 2921 683 2970 assentetur;
701 2919 731 2970 et,
740 2912 830 2972 litigare
842 2930 868 2960 se
879 2913 951 2961 simu·

71 2979 131 3036 lans,
142 2978 282 3035 blandiatur,
294 2986 364 3041 atque
376 2979 406 3027 ad
417 2988 550 3027 extremum
562 2979 602 3027 det
613 2995 707 3037 manus,
720 2979 829 3041 vincique
841 2996 866 3027 sc
878 2979 949 3042 patia-

72 3052 124 3104 tur;
146 3052 175 3093 ut
192 3045 220 3102 is,
233 3045 274 3107 qui
294 3046 378 3094 illusus
398 3045 436 3103 sit,
449 3048 503 3108 plus
524 3046 610 3094 vidisse
628 3045 741 3094 videatur.
785 3047 851 3106 Quid
871 3055 950 3095 autem

70 3112 171 3176 turpius,
183 3112 357 3201 quamnilludil
393 3112 465 3173 Quod
477 3129 508 3161 ne
519 3113 617 3171 accidat,
629 3112 706 3174 magis
722 3114 855 3162 cavendum
871 3121 913 3170 est,
925 3122 951 3162 ut

71 3177 98 3228 in
109 3186 124 3210 ‘⁴
131 3179 257 3243 Epiclero:

211 3279 309 3324 “Hodie
319 3292 365 3335 me,
375 3284 429 3325 ante
440 3293 518 3325 ornnes
529 3279 627 3323 comicos
638 3281 721 3324 stultos
733 3292 800 3324 senes

234 3338 339 3383 Versaris
350 3344 419 3419 atqu?
430 3339 511 3384 luseris
523 3339 677 3383 lautissime.’'

72 3433 131 3483 Haec
142 3435 207 3484 enim
225 3434 296 3484 etiarn
308 3435 333 3484 in
344 3435 430 3484 fabulis
447 3435 585 3484 stultissima
601 3452 703 3500 persona
713 3442 748 3484 est
765 3435 951 3500 improvidorum

71 3510 95 3550 et
106 3503 255 3551 credulorum
272 3517 365 3552 senum.
398 3502 453 3563 Sed,
466 3504 604 3570 nescioquo
616 3512 691 3568 pacto,
703 3500 945 3687 ausinianum-1
