2054 3946
20 37 951 277 m

268 126 272 135 .

439 501 518 546 can
541 502 586 547 vr.
895 508 955 565 207

105 611 214 672 Agamus
225 608 299 671 igitur
314 608 400 673 pingui
417 609 533 669 Minerva,
545 618 573 660 ut
590 610 666 660 aiunt.
700 609 750 670 Qui
768 610 801 659 ita
818 627 844 659 sa
861 620 956 673 gerunt,

71 694 104 728 ita
115 679 206 736 vivunt,
218 685 245 725 ut
261 693 343 725 eorum
360 678 471 740 probetur
481 678 547 734 fides,
559 677 688 740 integritas,
700 677 805 740 equitas,
823 679 956 738 liberalitas,

70 762 115 795 nec
127 745 157 793 sit
168 745 193 792 in
206 744 253 792 illis
265 745 314 793 ulla
324 743 448 807 cupiditas,
460 745 498 792 vel
509 745 588 803 libido,
597 746 634 793 vel
646 744 752 802 audacia,
760 745 856 808 sintque
867 762 956 808 magna

70 812 210 870 constantia,
222 820 250 860 ut
261 811 278 859 ii
290 812 393 869 luerunt,
404 812 476 859 modo
487 829 547 875 quos
558 811 694 871 nominavi3
705 811 750 860 hos
762 811 823 860 siros
834 814 916 871 bonos,
928 821 956 862 ut

70 880 144 928 habiti
156 888 219 936 sunt,
226 879 261 927 sic
272 878 344 926 etiam
355 879 509 942 appellandos
520 888 648 942 putemus3
659 878 717 941 quia
727 888 856 941 sequantur
868 879 956 942 (quan-

70 956 122 995 tum
139 946 248 994 homines
265 950 378 1012 possunt)
399 954 517 1004 naturam,
535 946 650 1010 optimam
668 947 728 994 bena
747 946 842 994 vivendi
862 947 956 996 ducem.

71 1013 112 1062 Sic
123 1014 188 1060 enirn
201 1011 259 1060 mihi
271 1013 402 1076 perspicere
414 1013 501 1070 videor,
510 1013 544 1062 ita
555 1023 624 1062 natos
635 1029 687 1062 esse
698 1029 750 1071 nos,
762 1020 789 1062 ut
799 1013 861 1061 inter
872 1029 956 1062 omnes

70 1089 133 1128 esset
144 1080 243 1128 societas
253 1080 374 1141 quedam:
393 1080 468 1143 major
480 1089 568 1137 autern,
581 1080 718 1142 utquisque
735 1080 843 1143 proxime
860 1081 957 1129 accede·

70 1156 120 1194 ret:
145 1147 223 1208 itaque
241 1147 305 1194 cives
323 1146 424 1210 potiores
442 1163 514 1208 quani
531 1147 662 1211 peregrini3
688 1156 713 1195 et
731 1147 865 1211 propinqui,
883 1164 956 1210 quam

71 1213 158 1262 alieni:
176 1229 231 1261 cnm
243 1212 281 1261 his
292 1213 357 1262 enim
370 1213 498 1262 amicitiam
510 1223 595 1263 natura
611 1215 664 1278 ipsa
674 1213 771 1277 peperit.
805 1214 854 1263 Sed
865 1231 894 1263 aa
905 1231 957 1264 non

71 1281 129 1328 satis
145 1281 216 1328 habet
227 1279 357 1328 firmitatis:
374 1296 478 1343 namque
490 1281 536 1330 hoc
547 1288 642 1345 prestat
659 1280 763 1330 amicitia
779 1281 956 1344 propinquitati,

70 1347 136 1410 quod
153 1364 183 1395 ex
201 1347 375 1410 propinquitate
392 1349 558 1397 benevolentia
574 1349 624 1398 tolli
640 1355 766 1410 potestas
784 1349 888 1397 amicitia
905 1364 956 1398 non

71 1424 165 1478 potest:
183 1416 275 1462 sublata
293 1413 358 1462 enim
375 1415 546 1473 benevolentia,
563 1414 672 1464 amicitie
689 1430 777 1463 nomen
794 1415 889 1474 tollitur,
903 1431 957 1479 pro-

71 1481 211 1545 pinquitatis
223 1488 311 1530 manet.
345 1482 444 1541 Quanta
454 1489 535 1530 autem
543 1482 580 1531 vis
591 1481 699 1531 amicitie
711 1481 749 1538 sit,
756 1498 787 1531 ax
801 1482 846 1531 boc
854 1481 956 1544 intelligi

71 1549 176 1597 maxime
187 1555 270 1611 potest,
282 1548 353 1611 quod,
364 1565 394 1596 ex
413 1549 508 1597 infinita
528 1549 639 1598 socieme
655 1548 748 1608 generis
764 1549 871 1606 humani,
883 1566 956 1612 quam

71 1615 207 1664 conciliavit
223 1615 276 1678 ipsa
293 1623 386 1672 natura,
398 1615 432 1664 ita
442 1623 564 1665 contracta
578 1632 616 1664 res
625 1623 669 1672 est,
680 1621 705 1662 et
720 1615 821 1664 adducta
832 1617 857 1663 in
869 1632 957 1677 angus·

71 1692 132 1741 tum,
144 1691 171 1731 ut
182 1682 261 1731 omnis
272 1683 357 1730 caritas
368 1690 410 1730 aut
422 1682 484 1731 inter
495 1684 562 1743 duos,
574 1691 617 1732 aut
627 1682 689 1731 inter
705 1696 800 1745 paucos,
809 1682 957 1746 jungeretur.

106 1817 150 1865 Vl.
167 1817 214 1865 Est
224 1825 305 1871 autem
316 1816 420 1866 amicitia
433 1816 494 1866 nihil
506 1816 578 1876 aliud,
589 1816 636 1865 nisi
647 1815 756 1865 omnium
768 1814 902 1865 divinarum
914 1816 957 1866 hu·

72 1899 245 1946 munerumque
257 1900 344 1943 rerum,
355 1900 410 1932 cum
421 1885 586 1933 benevolentia
597 1891 621 1932 et
634 1883 737 1942 caritate,
749 1899 843 1932 summa
857 1900 957 1933 consen-

71 1952 108 1999 sio
118 1969 124 1998 ι
136 1968 184 2014 qua
195 1953 292 2014 quidem
303 1952 368 2000 haud
380 1952 435 2009 scio,
446 1968 476 2000 an
489 1959 589 2014 excepta
599 1950 722 2014 sapientia,
731 1949 861 2013 quidquam
872 1952 958 2001 melius

72 2019 165 2067 bomini
182 2019 239 2067 sita
250 2019 304 2068 Diis
318 2018 491 2067 immortalibus
507 2019 597 2068 datum.
632 2017 734 2067 Divitias
750 2016 791 2066 alii
808 2028 957 2081 praeponunt,

72 2086 160 2134 bonam
177 2085 218 2134 alii
229 2085 396 2144 valetudinem,
414 2085 454 2135 alii
471 2084 609 2149 potentiam,
620 2084 661 2133 alii
678 2084 788 2141 honores,
799 2086 869 2134 multi
885 2086 957 2136 etiam

72 2155 213 2216 voluptates.
246 2154 385 2203 Bellusrum
397 2154 443 2201 hoc
454 2152 550 2215 quidem
561 2160 694 2201 extremum
707 2160 757 2200 est:
775 2151 816 2200 illa
826 2161 906 2201 autem
918 2168 958 2202 su-

72 2220 171 2282 periora,
183 2221 272 2270 caduca
283 2228 307 2269 et
318 2220 413 2277 incerta,
422 2220 499 2283 posita
510 2235 561 2267 non
569 2227 619 2268 tam
629 2218 655 2267 in
667 2219 755 2268 nostris
766 2219 876 2277 condlib,
884 2236 957 2282 quam

72 2287 210 2336 infortunia
222 2287 360 2336 temeritate.
392 2287 443 2346 Qui
454 2294 534 2335 autem
545 2286 572 2335 in
583 2285 669 2335 virtute
681 2302 803 2336 summum
814 2287 904 2336 bonurn
916 2302 957 2351 po·

72 2363 144 2413 nunt,
152 2356 261 2417 preclare
269 2355 304 2403 illi
315 2354 427 2417 quidem:
440 2354 482 2403 sed
490 2354 541 2403 bec
551 2353 603 2418 ipsa
614 2353 689 2404 virtus
700 2354 829 2404 amicitiam
837 2362 862 2402 et
872 2354 957 2417 gignit,

73 2430 98 2469 at
108 2421 229 2479 continet3
246 2437 298 2480 nec,
311 2421 362 2470 sine
373 2421 465 2480 virtute,
477 2420 582 2471 amicitia
590 2438 643 2470 esse
654 2422 704 2471 ullo
715 2429 784 2485 pacto
795 2429 880 2483 potest.

105 2488 161 2536 Jarn
173 2489 284 2536 virtutem
295 2505 325 2537 ex
337 2489 510 2538 consuetudine
521 2490 575 2538 vite
585 2489 748 2551 sennonisque
759 2489 833 2536 nostri
844 2489 958 2553 interpre-

73 2565 166 2613 temur3
182 2571 228 2603 nee
244 2572 304 2613 eam,
317 2563 344 2603 ut
354 2555 451 2618 quidam
462 2555 533 2613 docti,
544 2557 669 2605 verborum
685 2555 862 2616 magnificentia
875 2556 957 2604 metia-

73 2638 140 2670 mur:
158 2621 268 2684 virosque
284 2624 359 2670 bonos
370 2638 418 2681 eos,
429 2623 471 2683 qui
486 2623 611 2682 habentur,
629 2638 789 2679 numeremus,
801 2622 897 2681 Paulos,
910 2622 957 2671 Ga-

73 2697 148 2747 tones‚
167 2689 256 2746 Gallos,
273 2688 404 2752 Scipiones,
423 2689 512 2739 Philos
547 2690 594 2738 His
616 2688 752 2737 communis
774 2689 823 2737 vita
845 2698 957 2738 contenta

72 2763 125 2804 est:
148 2771 189 2804 eos
212 2764 292 2804 autom
311 2755 455 2813 omittamus,
478 2756 520 2820 qui
538 2756 637 2805 omnino
659 2771 778 2817 nusquam
802 2757 957 2818 reperiuntur.

73 2822 146 2871 Tales
157 2822 228 2883 igitur
235 2822 296 2871 inter
304 2823 366 2872 viros
375 2823 479 2873 amicitia
490 2831 568 2873 tantas
575 2822 761 2887 opportunitates
770 2823 847 2881 habet,
856 2831 957 2885 quantas

73 2889 114 2938 vix
125 2906 187 2952 queo
198 2890 282 2940 dicere.

107 2956 235 3019 Principio,
253 2957 293 3006 cui
310 2967 387 3021 potest
403 2974 455 3006 esse
472 2965 487 2988 ‘⁴
496 2957 546 3006 vila
563 2955 657 3004 vitalis’'
678 2955 718 3018 (ιιι
734 2955 768 3005 ait
784 2955 901 3022 Ennius)
915 2957 956 3020 qui

72 3024 165 3070 nonin
183 3024 253 3071 amici
270 3033 355 3073 mutua
370 3024 535 3073 benevolentia
557 3023 728 3086 conquiescat!
764 3023 829 3082 Quid
854 3025 956 3082 dulcius,

72 3105 145 3152 quam
162 3091 254 3148 habere,
266 3093 364 3154 quicum
382 3092 463 3141 omnia
479 3092 567 3140 audeas
584 3090 619 3138 sic
636 3091 707 3153 loqui,
719 3098 747 3139 ut
764 3092 858 3138 tecuml
894 3092 957 3150 Quis

71 3166 134 3205 esset
145 3165 227 3206 tantus
238 3158 329 3206 smctas
340 3159 365 3207 in
376 3158 493 3225 prosperis
504 3160 582 3215 rebus,
593 3157 641 3205 nisi
653 3159 758 3214 haberes,
769 3157 811 3219 qui
822 3157 870 3206 illis
882 3174 956 3221 eque,

72 3240 100 3272 ac
121 3225 223 3286 tuipse,
243 3227 373 3285 gauderetl
408 3227 527 3274 Adversas
550 3240 606 3273 vero
626 3225 685 3273 ferre
702 3224 796 3272 difficile
814 3233 882 3282 esset,
904 3225 956 3273 sine

72 3306 101 3338 oo
112 3293 153 3354 qui
165 3293 218 3340 illes
229 3293 325 3352 gravius
344 3293 423 3350 etiam,
435 3309 506 3355 quam
523 3301 558 3349 tu,
570 3291 646 3340 ferret
679 3291 789 3353 Denique
805 3300 892 3339 caetera
911 3308 956 3349 res,

70 3375 124 3421 quae
136 3367 287 3422 expetuntur,
299 3368 436 3424 opportunas
447 3367 505 3408 sunt
515 3359 614 3420 singula
626 3361 696 3407 rebus
706 3358 753 3406 sere
765 3357 880 3418 singulis3
898 3359 957 3407 divi·

71 3426 117 3483 tie,
128 3434 156 3474 ut
167 3434 248 3483 utare3
266 3442 329 3489 opes,
342 3434 369 3476 ut
384 3429 473 3485 colare;
491 3427 599 3483 honores,
611 3434 639 3474 ut
650 3425 759 3483 laudere;
777 3427 916 3488 voluptates,
928 3434 956 3474 ut

71 3493 192 3552 aaudeas3
209 3494 326 3553 valetudo,
337 3502 364 3543 ut
375 3494 455 3544 dtslore
472 3510 559 3552 cmeas,
570 3501 594 3542 et
610 3492 750 3542 muneribus
760 3493 858 3553 fungare
875 3509 957 3552 coruo-
