2054 3946
342 472 488 519 1.113.111.
521 472 602 517 CAP·
624 471 685 517 XX·
902 480 960 535 209

71 580 212 660 populum
233 582 394 640 Romanum
418 582 582 639 criminatus
608 592 660 647 est,
681 580 787 637 bellum
809 580 889 637 illum
912 579 961 636 dn·

71 667 185 720 cerm*
206 663 232 718 si
255 680 287 718 ee
313 662 461 719 consulem
485 661 628 727 fecissent,
650 661 728 717 brevi
754 673 891 736 tempore,
914 671 961 715 aut

68 744 182 809 vivum,
192 752 240 799 aut
253 741 572 817 mortuumJugurtham
587 760 618 798 se
633 741 662 797 in
678 750 845 815 potestatem
861 740 960 814 populi

28 846 31 851 ·
71 821 198 880 Romani
212 821 353 877 daturum.
396 821 494 892 ltaque
504 821 593 877 sactus
606 832 649 876 est
662 821 707 877 ille
719 819 835 891 quidem
849 820 960 886 consul,

71 902 124 958 sed
139 921 156 957 a
170 900 227 957 fide
237 899 404 976 justitiaque
417 900 559 967 discessit,
571 900 620 972 qui
629 901 768 975 optimum
785 911 813 955 et
826 899 959 975 gravissi·

73 981 278 1051 mum,civcm,
299 980 381 1055 cujus
402 981 521 1055 legatus,
537 992 565 1036 et
586 998 679 1051 aquo
701 980 806 1036 missus
829 990 915 1045 esset,
930 978 960 1035 in

73 1059 210 1119 invidiam
225 1059 298 1116 salso
312 1060 432 1116 crimine
446 1059 604 1116 adduxerit.

113 1141 160 1198 Ne
176 1150 271 1196 noster
284 1139 399 1210 quidem
413 1139 610 1200 Gratidianusl
625 1138 720 1196 ollicio
736 1139 801 1195 boni
816 1139 867 1194 viri
882 1138 960 1194 func·

71 1230 117 1278 tus
138 1229 183 1276 est
202 1230 272 1284 tum,
288 1237 354 1275 cum
368 1230 470 1294 praetor
485 1229 569 1285 esset,
584 1219 793 1294 collegiumque
809 1232 960 1293 protorum

72 1299 177 1357 tribuni
191 1298 281 1373 plebis
290 1298 513 1371 adhibuissent‚‡
528 1311 615 1355 utres
632 1301 758 1355 numaria
768 1297 801 1354 de
815 1297 960 1354 communi

72 1379 213 1436 sententia
234 1379 460 1435 constitueretur.
502 1378 663 1434 lactabatur
682 1379 759 1435 enim
784 1378 960 1452 temporibus

71 1460 129 1517 illis
155 1476 270 1527 numne,
291 1458 343 1524 sic,
358 1468 390 1514 ut
416 1477 499 1513 nemo
521 1469 620 1534 posset
643 1459 726 1524 scire,
742 1457 809 1529 quid
833 1459 958 1513 liaberet.

74 1537 317 1612 Conscripserunt
337 1538 526 1594 communiter
546 1537 671 1595 edietum
692 1558 756 1594 curn
779 1556 861 1612 poena
877 1550 959 1608 atquc

76 1618 224 1695 judieio;§
251 1618 523 1688 constitueruntque,
540 1629 570 1674 ut
590 1637 690 1674 omnes
713 1618 798 1673 simul
821 1618 848 1673 in
871 1629 961 1672 rostra

72 1709 139 1775 post
163 1697 312 1753 meridiem
334 1695 542 1767 escenderentll
583 1698 624 1754 Et
643 1698 728 1754 ceteri
750 1695 866 1768 quidem
887 1695 959 1751 alius

72 1778 146 1835 alio:
177 1776 288 1833 Marius
310 1796 325 1832 a
350 1776 493 1833 subselliis
515 1778 544 1833 in
565 1787 656 1833 rostra
676 1788 761 1841 rocta,
776 1777 860 1847 idque
883 1773 958 1845 quod

71 1857 263 1914 communiter
285 1856 475 1930 compositum
502 1856 601 1922 suerat,
622 1856 701 1913 solus
724 1855 822 1912 edixit.
865 1855 905 1912 Et
926 1873 960 1909 ea

71 1956 129 2002 res,
146 1939 171 1993 si
194 1937 307 2008 quoeris,
324 1936 350 1991 ei
372 1955 475 2010 magno
497 1936 598 1993 honori
619 1937 681 1992 fuit.
725 1936 866 1993 Omnibus
888 1934 958 1991 vicis

70 2026 191 2073 stature:
214 2014 249 2070 ad
270 2033 329 2080 eas,
346 2025 400 2079 tus,
415 2016 499 2071 cerei.
542 2014 618 2080 Quid
639 2015 749 2072 multat
792 2016 888 2072 Nemo
910 2033 960 2071 uu-

70 2114 157 2168 quam
172 2094 346 2151 multitudini
360 2093 412 2149 suit
426 2095 526 2150 carior.

113 2174 184 2231 Haec
199 2186 274 2241 sunt,
291 2192 353 2245 quae
376 2177 542 2231 conturbant
562 2175 591 2231 in
613 2173 815 2232 deliberatione
831 2194 959 2231 nonnun-

70 2272 169 2326 quam,
184 2273 249 2311 cum
273 2253 310 2317 id,
327 2254 355 2309 in
377 2273 434 2325 qno
455 2255 575 2310 violatur
599 2256 727 2326 aequitas,
746 2275 802 2313 non
824 2256 863 2311 ita
885 2274 960 2330 mog·

72 2352 162 2398 num3
192 2332 261 2389 illud
287 2344 390 2398 autem,
412 2330 489 2404 'quod
514 2353 549 2391 ex
576 2353 610 2390 eo
637 2337 752 2410 paritur,
775 2354 958 2411 permagnum

72 2413 201 2469 videtur:
224 2425 256 2468 ut
268 2412 372 2478 Maria,
387 2414 536 2488 preripere
552 2415 669 2490 collegis
683 2426 710 2471 et
725 2417 843 2472 tribunis
858 2417 897 2490 pl.
911 2435 960 2490 po·

73 2493 200 2567 pularem
223 2492 350 2568 gratiam,
367 2511 423 2550 non
439 2493 475 2549 ita
491 2504 589 2568 turpe;
612 2496 758 2551 consulem
773 2498 808 2552 ob
822 2515 883 2552 eam
899 2514 959 2552 rem

72 2572 170 2641 beriti
188 2571 263 2642 qnod
279 2572 333 2627 sibi
347 2581 407 2628 tum
422 2585 618 2648 proposuerat,
631 2573 712 2631 valde
724 2576 792 2631 utile
805 2575 958 2632 videbatur.

72 2651 133 2707 Sed
148 2653 276 2708 omnium
293 2670 347 2707 una
361 2653 458 2727 regula
469 2663 521 2719 cst,
538 2673 622 2725 quam
639 2654 687 2710 tibi
700 2656 785 2730 cupio
798 2673 861 2710 esse
875 2656 960 2710 notis·

73 2731 195 2787 simam:
219 2740 267 2786 aut
281 2731 360 2797 illud,
376 2731 453 2803 quod
467 2733 534 2789 utile
549 2734 668 2801 videtur,
678 2743 758 2809 turpe
774 2753 808 2790 ne
824 2735 879 2799 sit;
901 2745 958 2800 aut,

107 2862 120 2890 t
133 2857 232 2918 Ducere.
268 2857 329 2902 Thai
342 2857 369 2902 ic
380 2870 431 2903 turra
440 2859 589 2914 prolrncling
597 2860 650 2904 litui
659 2872 720 2905 tour.

106 2911 123 2964 †
137 2911 301 2954 Gratidianus.
320 2911 351 2954 iii.
365 2913 399 2964 16,
411 2917 466 2956 note
479 2916 513 2957 11.

107 2972 118 3001 t
133 2964 319 3008 Attienus-eat:
339 2965 385 3008 bad
398 2965 525 3010 submitted
538 2966 577 3010 the
590 2966 680 3021 snbjcct
692 2971 716 3009 to
727 2966 766 3010 tbe
779 2971 881 3021 pretors.

107 3017 120 3069 ς
136 3017 197 3078 Ortum
204 3028 279 3070 poenn
290 3020 360 3071 utqrre
368 3018 471 3072 judicio.
509 3018 571 3064 Wtrn
581 3020 726 3074 eilberficei
735 3020 851 3074 pericliter
862 3031 894 3064 on
905 3033 959 3065 cotr-

72 3071 215 3161 lrnoepiron,
226 3082 251 3114 or
261 3081 277 3113 a
290 3083 372 3125 power
384 3072 412 3128 of
424 3073 541 3128 bringing
553 3074 588 3118 ibe
599 3073 713 3130 effundero
726 3075 749 3119 to
761 3074 821 3119 lriui
833 3075 910 3129 pejore
922 3074 959 3119 iic

96 3134 169 3177 errpae.

76 3136 115 3227 pn
136 3175 298 3222 discederent.
331 3179 383 3222 One
401 3180 451 3224 MS.
464 3179 507 3222 has
524 3179 578 3223 here
590 3179 731 3225 accendent.
764 3182 829 3225 Most
842 3180 910 3224 Mss.
922 3180 959 3224 ‹ie-

72 3229 213 3290 rceudcrcnl.
249 3233 282 3274 As
291 3231 337 3274 tlris
350 3232 426 3275 would
439 3245 537 3288 express
549 3233 645 3276 descent
657 3232 715 3276 from
728 3233 766 3277 the
778 3234 854 3276 forum
862 3234 912 3276 into
920 3233 959 3276 tho

75 3289 154 3331 rostra,
167 3283 262 3344 directly
276 3290 385 3339 contrary
397 3290 420 3328 to
432 3286 471 3329 the
490 3288 541 3338 fnct,
553 3286 591 3329 the
610 3291 705 3340 present
716 3287 814 3340 reading
826 3287 846 3329 is
857 3286 959 3340 adopted

74 3335 105 3390 by
120 3338 221 3386 Ernesti,
232 3348 257 3378 as
272 3338 323 3380 well
336 3351 362 3381 as
376 3338 405 3393 by
416 3340 438 3383 J.
450 3341 477 3384 F.
490 3340 630 3392 Heusinger.

109 3389 124 3439 i
142 3390 175 3432 Ob
188 3400 240 3432 eum
252 3401 302 3433 rem
311 3390 375 3445 fieri.
410 3392 460 3435 'l'be
470 3393 593 3436 consulate
605 3392 634 3436 he
646 3404 718 3436 noser
729 3393 769 3436 did
781 3392 870 3444 alteim
887 3391 956 3436 when

74 3447 159 3497 prator
171 3442 206 3484 sor
217 3442 255 3485 the
267 3444 354 3487 second
364 3445 427 3495 time,
435 3445 463 3488 he
472 3457 522 3488 was
534 3446 657 3489 murdered
667 3446 722 3491 witb
733 3445 918 3491 circumstances
929 3446 957 3491 οἵ

74 3500 140 3549 great
153 3495 271 3543 barbaritu
289 3497 315 3541 in
327 3498 413 3554 Syllu’s
424 3500 587 3554 proscription.
621 3499 735 3547 mentm.
748 3500 780 3546 iii.
791 3502 829 3546 21.

495 3559 551 3615 lb*
