<?xml version="1.0" encoding="UTF-8"?>
<!DOCTYPE html PUBLIC "-//W3C//DTD XHTML 1.0 Transitional//EN"
    "http://www.w3.org/TR/xhtml1/DTD/xhtml1-transitional.dtd">
<html xmlns="http://www.w3.org/1999/xhtml" xml:lang="en" lang="en">
 <head>
  <title>
</title>
<meta http-equiv="Content-Type" content="text/html;charset=utf-8" />
  <meta name='ocr-system' content='tesseract 3.04.00' />
  <meta name='ocr-capabilities' content='ocr_page ocr_carea ocr_par ocr_line ocrx_word'/>
</head>
<body>
  <div class='ocr_page' id='page_1' title='image "./mtulliiciceroni41cicegoog/mtulliiciceroni41cicegoog_0088.png"; bbox 0 0 2054 3946; ppageno 0'>
   <div class='ocr_carea' id='block_1_1' title="bbox 352 471 959 536">
    <p class='ocr_par' dir='ltr' id='par_1_1' title="bbox 352 471 959 536">
     <span class='ocr_line' id='line_1_1' title="bbox 352 471 959 536; baseline -0.008 -17"><span class='ocrx_word' id='word_1_1' title='bbox 352 472 423 519; x_wconf 80' lang='lat' dir='ltr'><strong>ata.</strong></span> <span class='ocrx_word' id='word_1_2' title='bbox 440 471 458 517; x_wconf 91' lang='lat'><strong>1.</strong></span> <span class='ocrx_word' id='word_1_3' title='bbox 492 472 693 519; x_wconf 76' lang='lat' dir='ltr'><strong>cnuxxrx.</strong></span> <span class='ocrx_word' id='word_1_4' title='bbox 920 482 959 536; x_wconf 70' lang='grc' dir='ltr'><strong><em>ῃ</em></strong></span> 
     </span>
    </p>
   </div>
   <div class='ocr_carea' id='block_1_2' title="bbox 70 577 985 2561">
    <p class='ocr_par' dir='ltr' id='par_1_2' title="bbox 70 577 960 1690">
     <span class='ocr_line' id='line_1_2' title="bbox 71 577 957 660; baseline 0.002 -23"><span class='ocrx_word' id='word_1_5' title='bbox 71 577 227 660; x_wconf 78' lang='lat' dir='ltr'>vertamur)</span> <span class='ocrx_word' id='word_1_6' title='bbox 250 582 391 657; x_wconf 86' lang='lat' dir='ltr'><strong>appetitus</strong></span> <span class='ocrx_word' id='word_1_7' title='bbox 412 601 512 640; x_wconf 84' lang='lat' dir='ltr'><strong>ornnes</strong></span> <span class='ocrx_word' id='word_1_8' title='bbox 537 581 745 639; x_wconf 87' lang='lat' dir='ltr'><strong>contrahendos</strong></span> <span class='ocrx_word' id='word_1_9' title='bbox 767 581 957 653; x_wconf 86' lang='lat' dir='ltr'><strong>sedantosque</strong></span> 
     </span>
     <span class='ocr_line' id='line_1_3' title="bbox 70 661 958 736; baseline 0.001 -18"><span class='ocrx_word' id='word_1_10' title='bbox 70 680 148 728; x_wconf 81' lang='lat' dir='ltr'><strong>esec,</strong></span> <span class='ocrx_word' id='word_1_11' title='bbox 165 662 402 732; x_wconf 78' lang='lat' dir='ltr'>excitandamque</span> <span class='ocrx_word' id='word_1_12' title='bbox 423 661 699 719; x_wconf 83' lang='lat' dir='ltr'><strong>animadversionem</strong></span> <span class='ocrx_word' id='word_1_13' title='bbox 721 672 750 718; x_wconf 89' lang='lat' dir='ltr'><strong>et</strong></span> <span class='ocrx_word' id='word_1_14' title='bbox 770 661 958 736; x_wconf 77' lang='lat' dir='ltr'><strong>diligentiam,</strong></span> 
     </span>
     <span class='ocr_line' id='line_1_4' title="bbox 71 740 960 816; baseline 0 -19"><span class='ocrx_word' id='word_1_15' title='bbox 71 751 104 797; x_wconf 90' lang='lat' dir='ltr'><strong>ut</strong></span> <span class='ocrx_word' id='word_1_16' title='bbox 123 760 160 798; x_wconf 88' lang='lat' dir='ltr'><strong>ue</strong></span> <span class='ocrx_word' id='word_1_17' title='bbox 181 740 249 813; x_wconf 91' lang='lat' dir='ltr'><strong>quid</strong></span> <span class='ocrx_word' id='word_1_18' title='bbox 264 750 368 797; x_wconf 85' lang='lat' dir='ltr'><strong>temere</strong></span> <span class='ocrx_word' id='word_1_19' title='bbox 390 760 423 798; x_wconf 89' lang='lat' dir='ltr'><strong>ac</strong></span> <span class='ocrx_word' id='word_1_20' title='bbox 444 741 568 807; x_wconf 87' lang='lat' dir='ltr'><strong>fortuitu,</strong></span> <span class='ocrx_word' id='word_1_21' title='bbox 585 740 792 797; x_wconf 75' lang='lat' dir='ltr'><strong>inconsiderate</strong></span> <span class='ocrx_word' id='word_1_22' title='bbox 813 741 960 816; x_wconf 86' lang='lat' dir='ltr'><strong>negligen-</strong></span> 
     </span>
     <span class='ocr_line' id='line_1_5' title="bbox 72 820 960 897; baseline -0.001 -20"><span class='ocrx_word' id='word_1_23' title='bbox 72 830 173 892; x_wconf 83' lang='lat' dir='ltr'><strong>terque</strong></span> <span class='ocrx_word' id='word_1_24' title='bbox 202 839 327 897; x_wconf 73' lang='lat' dir='ltr'><strong>agamua</strong></span> <span class='ocrx_word' id='word_1_25' title='bbox 371 821 475 892; x_wconf 89' lang='lat' dir='ltr'><strong>Neque</strong></span> <span class='ocrx_word' id='word_1_26' title='bbox 500 821 577 876; x_wconf 88' lang='lat' dir='ltr'><strong>euim</strong></span> <span class='ocrx_word' id='word_1_27' title='bbox 600 820 638 876; x_wconf 87' lang='lat' dir='ltr'><strong>ita</strong></span> <span class='ocrx_word' id='word_1_28' title='bbox 664 821 789 895; x_wconf 83' lang='lat' dir='ltr'><strong>generati</strong></span> <span class='ocrx_word' id='word_1_29' title='bbox 816 840 833 876; x_wconf 86' lang='lat' dir='ltr'><strong>a</strong></span> <span class='ocrx_word' id='word_1_30' title='bbox 860 833 960 877; x_wconf 83' lang='lat' dir='ltr'><strong>natura</strong></span> 
     </span>
     <span class='ocr_line' id='line_1_6' title="bbox 72 897 956 975; baseline 0.002 -21"><span class='ocrx_word' id='word_1_31' title='bbox 72 917 185 966; x_wconf 88' lang='lat' dir='ltr'><strong>sumus,</strong></span> <span class='ocrx_word' id='word_1_32' title='bbox 200 911 232 956; x_wconf 88' lang='lat' dir='ltr'><strong>ut</strong></span> <span class='ocrx_word' id='word_1_33' title='bbox 246 899 280 956; x_wconf 88' lang='lat' dir='ltr'><strong>ad</strong></span> <span class='ocrx_word' id='word_1_34' title='bbox 294 897 391 956; x_wconf 91' lang='lat' dir='ltr'><strong>ludum</strong></span> <span class='ocrx_word' id='word_1_35' title='bbox 414 911 442 956; x_wconf 94' lang='lat' dir='ltr'><strong>et</strong></span> <span class='ocrx_word' id='word_1_36' title='bbox 462 898 497 955; x_wconf 87' lang='lat' dir='ltr'><strong>ad</strong></span> <span class='ocrx_word' id='word_1_37' title='bbox 516 900 615 975; x_wconf 87' lang='lat' dir='ltr'><strong>jocum</strong></span> <span class='ocrx_word' id='word_1_38' title='bbox 631 897 697 955; x_wconf 88' lang='lat' dir='ltr'><strong>facti</strong></span> <span class='ocrx_word' id='word_1_39' title='bbox 711 918 775 956; x_wconf 89' lang='lat' dir='ltr'><strong>esse</strong></span> <span class='ocrx_word' id='word_1_40' title='bbox 790 899 956 956; x_wconf 88' lang='lat' dir='ltr'><strong>videamur:</strong></span> 
     </span>
     <span class='ocr_line' id='line_1_7' title="bbox 73 977 959 1055; baseline 0.001 -21"><span class='ocrx_word' id='word_1_41' title='bbox 73 977 109 1035; x_wconf 86' lang='lat' dir='ltr'><strong>ad</strong></span> <span class='ocrx_word' id='word_1_42' title='bbox 129 980 310 1035; x_wconf 87' lang='lat' dir='ltr'><strong>severitatem</strong></span> <span class='ocrx_word' id='word_1_43' title='bbox 331 980 438 1054; x_wconf 90' lang='lat' dir='ltr'><strong>potius,</strong></span> <span class='ocrx_word' id='word_1_44' title='bbox 453 988 482 1034; x_wconf 88' lang='lat' dir='ltr'><strong>et</strong></span> <span class='ocrx_word' id='word_1_45' title='bbox 504 978 537 1034; x_wconf 89' lang='lat' dir='ltr'><strong>ad</strong></span> <span class='ocrx_word' id='word_1_46' title='bbox 561 977 690 1050; x_wconf 79' lang='lat' dir='ltr'><strong>quadam</strong></span> <span class='ocrx_word' id='word_1_47' title='bbox 712 979 805 1035; x_wconf 88' lang='lat' dir='ltr'><strong>studia</strong></span> <span class='ocrx_word' id='word_1_48' title='bbox 829 979 959 1055; x_wconf 86' lang='lat' dir='ltr'><strong>graviora</strong></span> 
     </span>
     <span class='ocr_line' id='line_1_8' title="bbox 74 1057 959 1134; baseline 0.001 -21"><span class='ocrx_word' id='word_1_49' title='bbox 74 1067 160 1130; x_wconf 88' lang='lat' dir='ltr'><strong>atque</strong></span> <span class='ocrx_word' id='word_1_50' title='bbox 181 1057 299 1134; x_wconf 87' lang='lat' dir='ltr'><strong>majora.</strong></span> <span class='ocrx_word' id='word_1_51' title='bbox 341 1058 424 1116; x_wconf 92' lang='lat' dir='ltr'><strong>Ludo</strong></span> <span class='ocrx_word' id='word_1_52' title='bbox 445 1069 539 1114; x_wconf 89' lang='lat' dir='ltr'><strong>autern</strong></span> <span class='ocrx_word' id='word_1_53' title='bbox 566 1067 595 1113; x_wconf 91' lang='lat' dir='ltr'><strong>et</strong></span> <span class='ocrx_word' id='word_1_54' title='bbox 617 1059 687 1133; x_wconf 91' lang='lat' dir='ltr'><strong>joco</strong></span> <span class='ocrx_word' id='word_1_55' title='bbox 707 1059 749 1115; x_wconf 90' lang='lat' dir='ltr'><strong>uti</strong></span> <span class='ocrx_word' id='word_1_56' title='bbox 770 1059 819 1115; x_wconf 93' lang='lat' dir='ltr'><strong>illo</strong></span> <span class='ocrx_word' id='word_1_57' title='bbox 841 1058 959 1130; x_wconf 89' lang='lat' dir='ltr'><strong>quidem</strong></span> 
     </span>
     <span class='ocr_line' id='line_1_9' title="bbox 73 1136 959 1208; baseline 0.002 -16"><span class='ocrx_word' id='word_1_58' title='bbox 73 1136 160 1194; x_wconf 89' lang='lat' dir='ltr'><strong>licet:</strong></span> <span class='ocrx_word' id='word_1_59' title='bbox 183 1138 235 1194; x_wconf 89' lang='lat' dir='ltr'><strong>sed</strong></span> <span class='ocrx_word' id='word_1_60' title='bbox 249 1138 323 1194; x_wconf 90' lang='lat' dir='ltr'><strong>sicut</strong></span> <span class='ocrx_word' id='word_1_61' title='bbox 341 1157 443 1194; x_wconf 92' lang='lat' dir='ltr'><strong>somno</strong></span> <span class='ocrx_word' id='word_1_62' title='bbox 464 1148 492 1193; x_wconf 90' lang='lat' dir='ltr'><strong>et</strong></span> <span class='ocrx_word' id='word_1_63' title='bbox 512 1136 655 1208; x_wconf 88' lang='lat' dir='ltr'><strong>quietibus</strong></span> <span class='ocrx_word' id='word_1_64' title='bbox 677 1139 789 1204; x_wconf 88' lang='lat' dir='ltr'><strong>ceteris,</strong></span> <span class='ocrx_word' id='word_1_65' title='bbox 807 1149 876 1203; x_wconf 91' lang='lat' dir='ltr'><strong>tum,</strong></span> <span class='ocrx_word' id='word_1_66' title='bbox 892 1157 959 1194; x_wconf 90' lang='lat' dir='ltr'><strong>cum</strong></span> 
     </span>
     <span class='ocr_line' id='line_1_10' title="bbox 72 1207 958 1292; baseline 0.001 -20"><span class='ocrx_word' id='word_1_67' title='bbox 72 1216 206 1291; x_wconf 75' lang='lat' dir='ltr'><strong>gravibus</strong></span> <span class='ocrx_word' id='word_1_68' title='bbox 234 1217 373 1288; x_wconf 82' lang='lat' dir='ltr'><strong>seriisque</strong></span> <span class='ocrx_word' id='word_1_69' title='bbox 401 1218 485 1273; x_wconf 90' lang='lat' dir='ltr'><strong>rebus</strong></span> <span class='ocrx_word' id='word_1_70' title='bbox 513 1216 745 1274; x_wconf 80' lang='lat' dir='ltr'><strong>satisfecerimus,</strong></span> <span class='ocrx_word' id='word_1_71' title='bbox 791 1207 958 1292; x_wconf 72' lang='lat' dir='ltr'><strong>&#39;ipsumque</strong></span> 
     </span>
     <span class='ocr_line' id='line_1_11' title="bbox 72 1295 959 1373; baseline 0.002 -21"><span class='ocrx_word' id='word_1_72' title='bbox 72 1315 164 1370; x_wconf 84' lang='lat' dir='ltr'><strong>genus</strong></span> <span class='ocrx_word' id='word_1_73' title='bbox 181 1296 298 1373; x_wconf 89' lang='lat' dir='ltr'><strong>jocandi</strong></span> <span class='ocrx_word' id='word_1_74' title='bbox 312 1315 369 1354; x_wconf 93' lang='lat' dir='ltr'><strong>non</strong></span> <span class='ocrx_word' id='word_1_75' title='bbox 384 1297 542 1372; x_wconf 85' lang='lat' dir='ltr'><strong>profusum,</strong></span> <span class='ocrx_word' id='word_1_76' title='bbox 555 1314 609 1352; x_wconf 87' lang='lat' dir='ltr'><strong>nec</strong></span> <span class='ocrx_word' id='word_1_77' title='bbox 623 1295 835 1363; x_wconf 88' lang='lat' dir='ltr'><strong>immodestum,</strong></span> <span class='ocrx_word' id='word_1_78' title='bbox 852 1297 901 1353; x_wconf 89' lang='lat' dir='ltr'><strong>sed</strong></span> <span class='ocrx_word' id='word_1_79' title='bbox 918 1299 959 1354; x_wconf 93' lang='lat' dir='ltr'><strong>in·</strong></span> 
     </span>
     <span class='ocr_line' id='line_1_12' title="bbox 72 1372 957 1452; baseline 0.001 -19"><span class='ocrx_word' id='word_1_80' title='bbox 72 1395 198 1450; x_wconf 83' lang='lat' dir='ltr'><strong>genuum</strong></span> <span class='ocrx_word' id='word_1_81' title='bbox 220 1386 248 1431; x_wconf 90' lang='lat' dir='ltr'><strong>et</strong></span> <span class='ocrx_word' id='word_1_82' title='bbox 268 1375 390 1432; x_wconf 85' lang='lat' dir='ltr'><strong>facetum</strong></span> <span class='ocrx_word' id='word_1_83' title='bbox 411 1394 475 1431; x_wconf 86' lang='lat' dir='ltr'><strong>esse</strong></span> <span class='ocrx_word' id='word_1_84' title='bbox 497 1374 589 1431; x_wconf 89' lang='lat' dir='ltr'><strong>debet.</strong></span> <span class='ocrx_word' id='word_1_85' title='bbox 633 1375 673 1432; x_wconf 94' lang='lat' dir='ltr'><strong>Ut</strong></span> <span class='ocrx_word' id='word_1_86' title='bbox 689 1372 765 1432; x_wconf 90' lang='lat' dir='ltr'><strong>enim</strong></span> <span class='ocrx_word' id='word_1_87' title='bbox 789 1377 887 1452; x_wconf 89' lang='lat' dir='ltr'><strong>pueris</strong></span> <span class='ocrx_word' id='word_1_88' title='bbox 902 1397 957 1434; x_wconf 91' lang='lat' dir='ltr'><strong>non</strong></span> 
     </span>
     <span class='ocr_line' id='line_1_13' title="bbox 71 1454 959 1527; baseline 0.001 -15"><span class='ocrx_word' id='word_1_89' title='bbox 71 1473 189 1512; x_wconf 91' lang='lat' dir='ltr'><strong>omnem</strong></span> <span class='ocrx_word' id='word_1_90' title='bbox 205 1454 321 1512; x_wconf 87' lang='lat' dir='ltr'><strong>ludendi</strong></span> <span class='ocrx_word' id='word_1_91' title='bbox 336 1456 479 1512; x_wconf 85' lang='lat' dir='ltr'><strong>licentiam</strong></span> <span class='ocrx_word' id='word_1_92' title='bbox 495 1454 605 1520; x_wconf 83' lang='lat' dir='ltr'><strong>dantus,</strong></span> <span class='ocrx_word' id='word_1_93' title='bbox 621 1455 759 1521; x_wconf 89' lang='lat' dir='ltr'><strong>sedeam,</strong></span> <span class='ocrx_word' id='word_1_94' title='bbox 775 1475 837 1527; x_wconf 85' lang='lat' dir='ltr'><strong>quae</strong></span> <span class='ocrx_word' id='word_1_95' title='bbox 860 1458 894 1512; x_wconf 87' lang='lat' dir='ltr'><strong>ab</strong></span> <span class='ocrx_word' id='word_1_96' title='bbox 909 1457 959 1514; x_wconf 88' lang='lat' dir='ltr'><strong>ho·</strong></span> 
     </span>
     <span class='ocr_line' id='line_1_14' title="bbox 71 1534 957 1611; baseline 0.002 -20"><span class='ocrx_word' id='word_1_97' title='bbox 71 1534 162 1591; x_wconf 88' lang='lat' dir='ltr'><strong>uestis</strong></span> <span class='ocrx_word' id='word_1_98' title='bbox 185 1535 342 1592; x_wconf 81' lang='lat' dir='ltr'><strong>actionibus</strong></span> <span class='ocrx_word' id='word_1_99' title='bbox 359 1554 417 1591; x_wconf 88' lang='lat' dir='ltr'><strong>uon</strong></span> <span class='ocrx_word' id='word_1_100' title='bbox 438 1535 476 1590; x_wconf 88' lang='lat' dir='ltr'><strong>sit</strong></span> <span class='ocrx_word' id='word_1_101' title='bbox 496 1535 606 1592; x_wconf 87' lang='lat' dir='ltr'><strong>aliena:</strong></span> <span class='ocrx_word' id='word_1_102' title='bbox 629 1535 672 1590; x_wconf 90' lang='lat' dir='ltr'><strong>sic</strong></span> <span class='ocrx_word' id='word_1_103' title='bbox 692 1535 801 1610; x_wconf 89' lang='lat' dir='ltr'><strong>inipso</strong></span> <span class='ocrx_word' id='word_1_104' title='bbox 817 1535 887 1611; x_wconf 89' lang='lat' dir='ltr'><strong>joco</strong></span> <span class='ocrx_word' id='word_1_105' title='bbox 908 1537 957 1593; x_wconf 88' lang='lat' dir='ltr'><strong>ali·</strong></span> 
     </span>
     <span class='ocr_line' id='line_1_15' title="bbox 71 1613 604 1690; baseline -0.004 -19"><span class='ocrx_word' id='word_1_106' title='bbox 71 1613 150 1686; x_wconf 92' lang='lat' dir='ltr'><strong>quod</strong></span> <span class='ocrx_word' id='word_1_107' title='bbox 166 1615 244 1689; x_wconf 89' lang='lat' dir='ltr'><strong>probi</strong></span> <span class='ocrx_word' id='word_1_108' title='bbox 261 1615 370 1690; x_wconf 84' lang='lat' dir='ltr'><strong>ingenii</strong></span> <span class='ocrx_word' id='word_1_109' title='bbox 384 1615 480 1671; x_wconf 88' lang='lat' dir='ltr'><strong>lumen</strong></span> <span class='ocrx_word' id='word_1_110' title='bbox 493 1615 604 1670; x_wconf 86' lang='lat' dir='ltr'><strong>eluceat</strong></span> 
     </span>
    </p>

    <p class='ocr_par' dir='ltr' id='par_1_3' title="bbox 70 1693 985 2561">
     <span class='ocr_line' id='line_1_16' title="bbox 112 1693 954 1769; baseline -0.001 -18"><span class='ocrx_word' id='word_1_111' title='bbox 112 1693 229 1767; x_wconf 90' lang='lat' dir='ltr'><strong>Duplex</strong></span> <span class='ocrx_word' id='word_1_112' title='bbox 244 1695 362 1750; x_wconf 92' lang='lat' dir='ltr'><strong>omnino</strong></span> <span class='ocrx_word' id='word_1_113' title='bbox 377 1706 421 1749; x_wconf 89' lang='lat' dir='ltr'><strong>est</strong></span> <span class='ocrx_word' id='word_1_114' title='bbox 438 1693 555 1769; x_wconf 86' lang='lat' dir='ltr'><strong>jocandi</strong></span> <span class='ocrx_word' id='word_1_115' title='bbox 569 1712 679 1768; x_wconf 83' lang='lat' dir='ltr'><strong>genus:</strong></span> <span class='ocrx_word' id='word_1_116' title='bbox 702 1712 790 1749; x_wconf 90' lang='lat' dir='ltr'><strong>unum</strong></span> <span class='ocrx_word' id='word_1_117' title='bbox 807 1693 954 1760; x_wconf 86' lang='lat' dir='ltr'><strong>illiberale,</strong></span> 
     </span>
     <span class='ocr_line' id='line_1_17' title="bbox 71 1773 958 1848; baseline 0.002 -20"><span class='ocrx_word' id='word_1_118' title='bbox 71 1773 214 1848; x_wconf 74' lang='lat' dir='ltr'><strong>petalam,</strong></span> <span class='ocrx_word' id='word_1_119' title='bbox 229 1773 412 1848; x_wconf 83' lang='lat' dir='ltr'><strong>flagitiosum,</strong></span> <span class='ocrx_word' id='word_1_120' title='bbox 428 1775 605 1838; x_wconf 77' lang='lat' dir='ltr'><strong>obscenum3</strong></span> <span class='ocrx_word' id='word_1_121' title='bbox 627 1773 745 1829; x_wconf 91' lang='lat' dir='ltr'><strong>alterum</strong></span> <span class='ocrx_word' id='word_1_122' title='bbox 771 1773 897 1846; x_wconf 84' lang='lat' dir='ltr'><strong>elegans,</strong></span> <span class='ocrx_word' id='word_1_123' title='bbox 913 1793 958 1830; x_wconf 91' lang='lat' dir='ltr'><strong>ur-</strong></span> 
     </span>
     <span class='ocr_line' id='line_1_18' title="bbox 70 1852 957 1928; baseline 0 -20"><span class='ocrx_word' id='word_1_124' title='bbox 70 1853 188 1918; x_wconf 81' lang='lat' dir='ltr'><strong>banum,</strong></span> <span class='ocrx_word' id='word_1_125' title='bbox 204 1853 395 1928; x_wconf 87' lang='lat' dir='ltr'><strong>ingeniosum,</strong></span> <span class='ocrx_word' id='word_1_126' title='bbox 411 1852 544 1909; x_wconf 84' lang='lat' dir='ltr'><strong>facetum.</strong></span> <span class='ocrx_word' id='word_1_127' title='bbox 587 1852 652 1917; x_wconf 87' lang='lat' dir='ltr'><strong>Quo</strong></span> <span class='ocrx_word' id='word_1_128' title='bbox 673 1870 776 1925; x_wconf 81' lang='lat' dir='ltr'><strong>genere</strong></span> <span class='ocrx_word' id='word_1_129' title='bbox 799 1871 856 1909; x_wconf 91' lang='lat' dir='ltr'><strong>non</strong></span> <span class='ocrx_word' id='word_1_130' title='bbox 872 1853 957 1909; x_wconf 90' lang='lat' dir='ltr'><strong>modo</strong></span> 
     </span>
     <span class='ocr_line' id='line_1_19' title="bbox 71 1930 958 2002; baseline -0.002 -13"><span class='ocrx_word' id='word_1_131' title='bbox 71 1931 192 1989; x_wconf 84' lang='lat' dir='ltr'><strong>Plautus</strong></span> <span class='ocrx_word' id='word_1_132' title='bbox 217 1944 323 1998; x_wconf 89' lang='lat' dir='ltr'><strong>noster,</strong></span> <span class='ocrx_word' id='word_1_133' title='bbox 345 1943 374 1988; x_wconf 89' lang='lat' dir='ltr'><strong>et</strong></span> <span class='ocrx_word' id='word_1_134' title='bbox 397 1933 555 1989; x_wconf 81' lang='lat' dir='ltr'><strong>Atticorum</strong></span> <span class='ocrx_word' id='word_1_135' title='bbox 581 1931 696 2002; x_wconf 89' lang='lat' dir='ltr'><strong>antiqua</strong></span> <span class='ocrx_word' id='word_1_136' title='bbox 717 1930 884 1997; x_wconf 76' lang='lat' dir='ltr'><strong>comoedia‚*</strong></span> <span class='ocrx_word' id='word_1_137' title='bbox 907 1932 958 1987; x_wconf 89' lang='lat' dir='ltr'><strong>sed</strong></span> 
     </span>
     <span class='ocr_line' id='line_1_20' title="bbox 71 2009 955 2086; baseline 0 -19"><span class='ocrx_word' id='word_1_138' title='bbox 71 2011 157 2069; x_wconf 87' lang='lat' dir='ltr'><strong>etiam</strong></span> <span class='ocrx_word' id='word_1_139' title='bbox 179 2011 414 2086; x_wconf 88' lang='lat' dir='ltr'><strong>philosophorum</strong></span> <span class='ocrx_word' id='word_1_140' title='bbox 437 2013 646 2068; x_wconf 85' lang='lat' dir='ltr'><strong>Socraticorum</strong></span> <span class='ocrx_word' id='word_1_141' title='bbox 668 2010 732 2066; x_wconf 89' lang='lat' dir='ltr'><strong>libri</strong></span> <span class='ocrx_word' id='word_1_142' title='bbox 754 2009 848 2066; x_wconf 82' lang='lat' dir='ltr'><strong>referti</strong></span> <span class='ocrx_word' id='word_1_143' title='bbox 870 2021 955 2067; x_wconf 88' lang='lat' dir='ltr'><strong>sunt:</strong></span> 
     </span>
     <span class='ocr_line' id='line_1_21' title="bbox 71 2090 957 2161; baseline -0.001 -15"><span class='ocrx_word' id='word_1_144' title='bbox 71 2090 216 2161; x_wconf 85' lang='lat' dir='ltr'><strong>multaque</strong></span> <span class='ocrx_word' id='word_1_145' title='bbox 241 2091 394 2147; x_wconf 89' lang='lat' dir='ltr'><strong>multorum</strong></span> <span class='ocrx_word' id='word_1_146' title='bbox 418 2091 507 2148; x_wconf 87' lang='lat' dir='ltr'><strong>facete</strong></span> <span class='ocrx_word' id='word_1_147' title='bbox 529 2091 623 2156; x_wconf 88' lang='lat' dir='ltr'><strong>dicta;</strong></span> <span class='ocrx_word' id='word_1_148' title='bbox 645 2099 677 2146; x_wconf 91' lang='lat' dir='ltr'><strong>ut</strong></span> <span class='ocrx_word' id='word_1_149' title='bbox 697 2109 740 2156; x_wconf 89' lang='lat' dir='ltr'><strong>ea,</strong></span> <span class='ocrx_word' id='word_1_150' title='bbox 763 2109 825 2161; x_wconf 87' lang='lat' dir='ltr'><strong>quae</strong></span> <span class='ocrx_word' id='word_1_151' title='bbox 847 2111 864 2146; x_wconf 90' lang='lat' dir='ltr'><strong>a</strong></span> <span class='ocrx_word' id='word_1_152' title='bbox 889 2109 957 2147; x_wconf 89' lang='lat' dir='ltr'><strong>sene</strong></span> 
     </span>
     <span class='ocr_line' id='line_1_22' title="bbox 73 2168 957 2242; baseline 0 -18"><span class='ocrx_word' id='word_1_153' title='bbox 73 2168 185 2226; x_wconf 83' lang='lat' dir='ltr'><strong>Catone</strong></span> <span class='ocrx_word' id='word_1_154' title='bbox 206 2169 324 2226; x_wconf 86' lang='lat' dir='ltr'><strong>collecta</strong></span> <span class='ocrx_word' id='word_1_155' title='bbox 344 2180 419 2236; x_wconf 89' lang='lat' dir='ltr'><strong>sunt,</strong></span> <span class='ocrx_word' id='word_1_156' title='bbox 442 2190 503 2242; x_wconf 83' lang='lat' dir='ltr'><strong>quae</strong></span> <span class='ocrx_word' id='word_1_157' title='bbox 526 2181 627 2227; x_wconf 86' lang='lat' dir='ltr'><strong>vocant</strong></span> <span class='ocrx_word' id='word_1_158' title='bbox 646 2181 808 2233; x_wconf 61' lang='lat' dir='ltr'><strong>anteaquam.</strong></span> <span class='ocrx_word' id='word_1_159' title='bbox 851 2171 957 2227; x_wconf 87' lang='lat' dir='ltr'><strong>Facilis</strong></span> 
     </span>
     <span class='ocr_line' id='line_1_23' title="bbox 71 2247 985 2325; baseline 0.001 -21"><span class='ocrx_word' id='word_1_160' title='bbox 71 2247 216 2322; x_wconf 86' lang='lat' dir='ltr'><strong>igiturest</strong></span> <span class='ocrx_word' id='word_1_161' title='bbox 236 2248 380 2306; x_wconf 89' lang='lat' dir='ltr'><strong>distinctio</strong></span> <span class='ocrx_word' id='word_1_162' title='bbox 402 2249 517 2324; x_wconf 83' lang='lat' dir='ltr'><strong>ingenui</strong></span> <span class='ocrx_word' id='word_1_163' title='bbox 540 2261 567 2305; x_wconf 89' lang='lat' dir='ltr'><strong>et</strong></span> <span class='ocrx_word' id='word_1_164' title='bbox 587 2249 731 2306; x_wconf 88' lang='lat' dir='ltr'><strong>illiberalis</strong></span> <span class='ocrx_word' id='word_1_165' title='bbox 749 2249 820 2325; x_wconf 90' lang='lat' dir='ltr'><strong>joci.</strong></span> <span class='ocrx_word' id='word_1_166' title='bbox 876 2251 956 2307; x_wconf 85' lang='lat' dir='ltr'><strong>Alter</strong></span> <span class='ocrx_word' id='word_1_167' title='bbox 981 2283 985 2300; x_wconf 76' lang='lat'>‹</span> 
     </span>
     <span class='ocr_line' id='line_1_24' title="bbox 71 2329 956 2405; baseline 0.001 -22"><span class='ocrx_word' id='word_1_168' title='bbox 71 2338 126 2394; x_wconf 88' lang='lat' dir='ltr'><strong>est,</strong></span> <span class='ocrx_word' id='word_1_169' title='bbox 148 2329 173 2384; x_wconf 90' lang='lat' dir='ltr'><strong>si</strong></span> <span class='ocrx_word' id='word_1_170' title='bbox 195 2338 322 2403; x_wconf 90' lang='lat' dir='ltr'><strong>tempore</strong></span> <span class='ocrx_word' id='word_1_171' title='bbox 343 2329 384 2393; x_wconf 89' lang='lat' dir='ltr'><strong>fit,</strong></span> <span class='ocrx_word' id='word_1_172' title='bbox 407 2331 528 2385; x_wconf 89' lang='lat' dir='ltr'><strong>remisso</strong></span> <span class='ocrx_word' id='word_1_173' title='bbox 549 2329 665 2385; x_wconf 86' lang='lat' dir='ltr'><strong>homine</strong></span> <span class='ocrx_word' id='word_1_174' title='bbox 687 2329 808 2405; x_wconf 78' lang='lat' dir='ltr'><strong>dignus3</strong></span> <span class='ocrx_word' id='word_1_175' title='bbox 831 2330 956 2386; x_wconf 90' lang='lat' dir='ltr'><strong>alterne</strong></span> 
     </span>
     <span class='ocr_line' id='line_1_25' title="bbox 71 2407 956 2482; baseline 0.001 -19"><span class='ocrx_word' id='word_1_176' title='bbox 71 2407 162 2464; x_wconf 86' lang='lat' dir='ltr'><strong>libero</strong></span> <span class='ocrx_word' id='word_1_177' title='bbox 184 2407 310 2479; x_wconf 89' lang='lat' dir='ltr'><strong>quidem,</strong></span> <span class='ocrx_word' id='word_1_178' title='bbox 326 2408 351 2464; x_wconf 91' lang='lat' dir='ltr'><strong>si</strong></span> <span class='ocrx_word' id='word_1_179' title='bbox 372 2427 466 2464; x_wconf 87' lang='lat' dir='ltr'><strong>rerum</strong></span> <span class='ocrx_word' id='word_1_180' title='bbox 488 2408 632 2482; x_wconf 86' lang='lat' dir='ltr'><strong>turpitudo</strong></span> <span class='ocrx_word' id='word_1_181' title='bbox 652 2407 810 2476; x_wconf 89' lang='lat' dir='ltr'><strong>adhibetur,</strong></span> <span class='ocrx_word' id='word_1_182' title='bbox 828 2418 876 2465; x_wconf 91' lang='lat' dir='ltr'><strong>aut</strong></span> <span class='ocrx_word' id='word_1_183' title='bbox 896 2428 956 2464; x_wconf 88' lang='lat' dir='ltr'><strong>ver·</strong></span> 
     </span>
     <span class='ocr_line' id='line_1_26' title="bbox 71 2486 956 2561; baseline 0.001 -20"><span class='ocrx_word' id='word_1_184' title='bbox 71 2487 173 2543; x_wconf 89' lang='lat' dir='ltr'><strong>borum</strong></span> <span class='ocrx_word' id='word_1_185' title='bbox 188 2487 375 2548; x_wconf 89' lang='lat' dir='ltr'><strong>obscenitas.†</strong></span> <span class='ocrx_word' id='word_1_186' title='bbox 414 2486 545 2543; x_wconf 87' lang='lat' dir='ltr'><strong>Ludendi</strong></span> <span class='ocrx_word' id='word_1_187' title='bbox 560 2489 645 2543; x_wconf 87' lang='lat' dir='ltr'><strong>etiam</strong></span> <span class='ocrx_word' id='word_1_188' title='bbox 661 2499 704 2543; x_wconf 89' lang='lat' dir='ltr'><strong>est</strong></span> <span class='ocrx_word' id='word_1_189' title='bbox 723 2488 838 2561; x_wconf 89' lang='lat' dir='ltr'><strong>quidam</strong></span> <span class='ocrx_word' id='word_1_190' title='bbox 854 2488 956 2544; x_wconf 88' lang='lat' dir='ltr'><strong>modus</strong></span> 
     </span>
    </p>
   </div>
   <div class='ocr_carea' id='block_1_3' title="bbox 67 2644 956 3230">
    <p class='ocr_par' dir='ltr' id='par_1_4' title="bbox 69 2644 956 2912">
     <span class='ocr_line' id='line_1_27' title="bbox 104 2644 956 2699; baseline -0.002 -10"><span class='ocrx_word' id='word_1_191' title='bbox 104 2651 117 2674; x_wconf 77' lang='lat'><strong>¹·</strong></span> <span class='ocrx_word' id='word_1_192' title='bbox 130 2644 242 2698; x_wconf 65' lang='lat' dir='ltr'><strong>Anauon</strong></span> <span class='ocrx_word' id='word_1_193' title='bbox 264 2645 385 2690; x_wconf 82' lang='lat' dir='ltr'><strong>comoedia.</strong></span> <span class='ocrx_word' id='word_1_194' title='bbox 419 2645 504 2699; x_wconf 80' lang='lat' dir='ltr'><strong>Living</strong></span> <span class='ocrx_word' id='word_1_195' title='bbox 526 2645 656 2688; x_wconf 84' lang='lat' dir='ltr'><strong>characters</strong></span> <span class='ocrx_word' id='word_1_196' title='bbox 673 2657 735 2688; x_wconf 85' lang='lat' dir='ltr'><strong>were</strong></span> <span class='ocrx_word' id='word_1_197' title='bbox 754 2645 892 2689; x_wconf 86' lang='lat' dir='ltr'><strong>introduced</strong></span> <span class='ocrx_word' id='word_1_198' title='bbox 908 2645 956 2688; x_wconf 89' lang='lat' dir='ltr'><strong>and</strong></span> 
     </span>
     <span class='ocr_line' id='line_1_28' title="bbox 70 2697 955 2752; baseline 0.006 -13"><span class='ocrx_word' id='word_1_199' title='bbox 70 2697 212 2752; x_wconf 87' lang='lat' dir='ltr'><strong>burlesqued</strong></span> <span class='ocrx_word' id='word_1_200' title='bbox 222 2710 253 2740; x_wconf 90' lang='lat' dir='ltr'><strong>on</strong></span> <span class='ocrx_word' id='word_1_201' title='bbox 266 2698 305 2741; x_wconf 89' lang='lat' dir='ltr'><strong>the</strong></span> <span class='ocrx_word' id='word_1_202' title='bbox 317 2703 381 2746; x_wconf 71' lang='lat' dir='ltr'><strong>stage</strong></span> <span class='ocrx_word' id='word_1_203' title='bbox 389 2698 418 2751; x_wconf 90' lang='lat' dir='ltr'><strong>by</strong></span> <span class='ocrx_word' id='word_1_204' title='bbox 429 2699 493 2741; x_wconf 87' lang='lat' dir='ltr'><strong>these</strong></span> <span class='ocrx_word' id='word_1_205' title='bbox 503 2699 568 2752; x_wconf 86' lang='lat' dir='ltr'><strong>early</strong></span> <span class='ocrx_word' id='word_1_206' title='bbox 577 2699 673 2742; x_wconf 88' lang='lat' dir='ltr'><strong>writers.</strong></span> <span class='ocrx_word' id='word_1_207' title='bbox 709 2699 740 2742; x_wconf 81' lang='lat' dir='ltr'><strong>Os</strong></span> <span class='ocrx_word' id='word_1_208' title='bbox 747 2699 793 2741; x_wconf 89' lang='lat' dir='ltr'><strong>this</strong></span> <span class='ocrx_word' id='word_1_209' title='bbox 806 2699 955 2752; x_wconf 82' lang='lat' dir='ltr'><strong>description.</strong></span> 
     </span>
     <span class='ocr_line' id='line_1_29' title="bbox 70 2751 955 2806; baseline -0.001 -12"><span class='ocrx_word' id='word_1_210' title='bbox 70 2753 110 2795; x_wconf 85' lang='lat' dir='ltr'><strong>the</strong></span> <span class='ocrx_word' id='word_1_211' title='bbox 135 2751 253 2794; x_wconf 86' lang='lat' dir='ltr'><strong>eomedres</strong></span> <span class='ocrx_word' id='word_1_212' title='bbox 273 2751 300 2794; x_wconf 84' lang='lat' dir='ltr'><strong>os</strong></span> <span class='ocrx_word' id='word_1_213' title='bbox 317 2751 489 2806; x_wconf 84' lang='lat' dir='ltr'><strong>Aristophanes</strong></span> <span class='ocrx_word' id='word_1_214' title='bbox 508 2752 577 2795; x_wconf 86' lang='lat' dir='ltr'><strong>alone</strong></span> <span class='ocrx_word' id='word_1_215' title='bbox 594 2751 653 2795; x_wconf 82' lang='lat' dir='ltr'><strong>have</strong></span> <span class='ocrx_word' id='word_1_216' title='bbox 675 2751 735 2795; x_wconf 90' lang='lat' dir='ltr'><strong>been</strong></span> <span class='ocrx_word' id='word_1_217' title='bbox 754 2752 884 2806; x_wconf 86' lang='lat' dir='ltr'><strong>preserved.</strong></span> <span class='ocrx_word' id='word_1_218' title='bbox 919 2752 955 2794; x_wconf 87' lang='lat' dir='ltr'><strong>To</strong></span> 
     </span>
     <span class='ocr_line' id='line_1_30' title="bbox 70 2803 955 2864; baseline 0.001 -18"><span class='ocrx_word' id='word_1_219' title='bbox 70 2804 149 2848; x_wconf 85' lang='lat' dir='ltr'><strong>which</strong></span> <span class='ocrx_word' id='word_1_220' title='bbox 167 2805 226 2847; x_wconf 82' lang='lat' dir='ltr'><strong>class</strong></span> <span class='ocrx_word' id='word_1_221' title='bbox 243 2805 270 2847; x_wconf 84' lang='lat' dir='ltr'><strong>of</strong></span> <span class='ocrx_word' id='word_1_222' title='bbox 284 2804 385 2847; x_wconf 88' lang='lat' dir='ltr'><strong>Cicero’s</strong></span> <span class='ocrx_word' id='word_1_223' title='bbox 400 2805 500 2860; x_wconf 78' lang='lat' dir='ltr'><strong>epitheta</strong></span> <span class='ocrx_word' id='word_1_224' title='bbox 512 2817 548 2847; x_wconf 88' lang='lat' dir='ltr'><strong>we</strong></span> <span class='ocrx_word' id='word_1_225' title='bbox 560 2805 633 2858; x_wconf 82' lang='lat' dir='ltr'><strong>ought</strong></span> <span class='ocrx_word' id='word_1_226' title='bbox 645 2809 668 2847; x_wconf 88' lang='lat' dir='ltr'><strong>to</strong></span> <span class='ocrx_word' id='word_1_227' title='bbox 680 2810 754 2848; x_wconf 89' lang='lat' dir='ltr'><strong>resort</strong></span> <span class='ocrx_word' id='word_1_228' title='bbox 766 2809 789 2847; x_wconf 88' lang='lat' dir='ltr'><strong>to</strong></span> <span class='ocrx_word' id='word_1_229' title='bbox 800 2803 955 2864; x_wconf 72' lang='lat' dir='ltr'><strong>characterizet</strong></span> 
     </span>
     <span class='ocr_line' id='line_1_31' title="bbox 69 2857 914 2912; baseline -0.001 -11"><span class='ocrx_word' id='word_1_230' title='bbox 69 2857 144 2907; x_wconf 85' lang='lat' dir='ltr'><strong>these,</strong></span> <span class='ocrx_word' id='word_1_231' title='bbox 157 2870 230 2911; x_wconf 85' lang='lat' dir='ltr'><strong>many</strong></span> <span class='ocrx_word' id='word_1_232' title='bbox 242 2869 340 2912; x_wconf 85' lang='lat' dir='ltr'><strong>persons</strong></span> <span class='ocrx_word' id='word_1_233' title='bbox 352 2857 410 2900; x_wconf 84' lang='lat' dir='ltr'><strong>have</strong></span> <span class='ocrx_word' id='word_1_234' title='bbox 421 2858 548 2912; x_wconf 77' lang='lat' dir='ltr'><strong>expressuri</strong></span> <span class='ocrx_word' id='word_1_235' title='bbox 561 2869 591 2900; x_wconf 93' lang='lat' dir='ltr'><strong>an</strong></span> <span class='ocrx_word' id='word_1_236' title='bbox 605 2857 703 2912; x_wconf 87' lang='lat' dir='ltr'><strong>opinion</strong></span> <span class='ocrx_word' id='word_1_237' title='bbox 714 2858 822 2912; x_wconf 89' lang='lat' dir='ltr'><strong>opposite</strong></span> <span class='ocrx_word' id='word_1_238' title='bbox 834 2860 859 2900; x_wconf 90' lang='lat' dir='ltr'><strong>to</strong></span> <span class='ocrx_word' id='word_1_239' title='bbox 870 2857 914 2900; x_wconf 86' lang='lat' dir='ltr'><strong>lus.</strong></span> 
     </span>
    </p>

    <p class='ocr_par' dir='ltr' id='par_1_5' title="bbox 67 2909 955 3230">
     <span class='ocr_line' id='line_1_32' title="bbox 102 2909 955 2973; baseline 0 -17"><span class='ocrx_word' id='word_1_240' title='bbox 102 2910 365 2972; x_wconf 63' lang='lat' dir='ltr'><strong>Mlier-obscenitas.</strong></span> <span class='ocrx_word' id='word_1_241' title='bbox 401 2911 505 2973; x_wconf 77' lang='lat' dir='ltr'><strong>Thenas</strong></span> <span class='ocrx_word' id='word_1_242' title='bbox 523 2911 605 2972; x_wconf 67' lang='lat' dir='ltr'><strong>spectes</strong></span> <span class='ocrx_word' id='word_1_243' title='bbox 622 2911 651 2966; x_wconf 70' lang='lat' dir='ltr'><strong>tf</strong></span> <span class='ocrx_word' id='word_1_244' title='bbox 671 2909 790 2973; x_wconf 55' lang='lat' dir='ltr'><strong>&#39;ohiuga&#39;f</strong></span> <span class='ocrx_word' id='word_1_245' title='bbox 802 2910 858 2954; x_wconf 80' lang='lat' dir='ltr'><strong>well</strong></span> <span class='ocrx_word' id='word_1_246' title='bbox 874 2909 955 2972; x_wconf 70' lang='lat' dir='ltr'><strong>tinted.</strong></span> 
     </span>
     <span class='ocr_line' id='line_1_33' title="bbox 68 2964 954 3060; baseline -0.003 -53"><span class='ocrx_word' id='word_1_247' title='bbox 68 2964 172 3009; x_wconf 78' lang='lat' dir='ltr'><strong>becomes</strong></span> <span class='ocrx_word' id='word_1_248' title='bbox 182 2976 198 3007; x_wconf 89' lang='lat' dir='ltr'><strong>u</strong></span> <span class='ocrx_word' id='word_1_249' title='bbox 207 2975 265 3006; x_wconf 61' lang='lat' dir='ltr'><strong>mern</strong></span> <span class='ocrx_word' id='word_1_250' title='bbox 276 2975 302 3006; x_wconf 84' lang='lat' dir='ltr'><strong>ut</strong></span> <span class='ocrx_word' id='word_1_251' title='bbox 314 2964 430 3026; x_wconf 74' lang='lat' dir='ltr'><strong>momentu</strong></span> <span class='ocrx_word' id='word_1_252' title='bbox 442 2964 627 3060; x_wconf 44' lang='lat' dir='ltr'><strong>proteruus.-</strong></span> <span class='ocrx_word' id='word_1_253' title='bbox 645 2966 654 3009; x_wconf 80' lang='lat' dir='ltr'><strong>t</strong></span> <span class='ocrx_word' id='word_1_254' title='bbox 672 2975 683 3007; x_wconf 88' lang='lat' dir='ltr'><strong>e</strong></span> <span class='ocrx_word' id='word_1_255' title='bbox 694 2964 759 3008; x_wconf 79' lang='lat' dir='ltr'><strong>other</strong></span> <span class='ocrx_word' id='word_1_256' title='bbox 770 2976 789 3026; x_wconf 73' lang='lat' dir='ltr'><strong>ar</strong></span> <span class='ocrx_word' id='word_1_257' title='bbox 799 2964 954 3025; x_wconf 68' lang='lat' dir='ltr'><strong>unbecommg</strong></span> 
     </span>
     <span class='ocr_line' id='line_1_34' title="bbox 67 3016 954 3132; baseline -0.002 -19"><span class='ocrx_word' id='word_1_258' title='bbox 67 3016 954 3132; x_wconf 16' lang='lat' dir='ltr'><strong>tetthfttltttttttt,batth?“ttttfttthtattttt:</strong></span> 
     </span>
     <span class='ocr_line' id='line_1_35' title="bbox 67 3122 952 3178; baseline -0.002 -12"><span class='ocrx_word' id='word_1_259' title='bbox 67 3123 138 3166; x_wconf 79' lang='lat' dir='ltr'><strong>(iered</strong></span> <span class='ocrx_word' id='word_1_260' title='bbox 152 3123 183 3176; x_wconf 90' lang='lat' dir='ltr'><strong>by</strong></span> <span class='ocrx_word' id='word_1_261' title='bbox 196 3122 324 3174; x_wconf 86' lang='lat' dir='ltr'><strong>Gernhard‚</strong></span> <span class='ocrx_word' id='word_1_262' title='bbox 336 3136 361 3165; x_wconf 91' lang='lat' dir='ltr'><strong>as</strong></span> <span class='ocrx_word' id='word_1_263' title='bbox 373 3123 506 3178; x_wconf 87' lang='lat' dir='ltr'><strong>employed,</strong></span> <span class='ocrx_word' id='word_1_264' title='bbox 518 3128 561 3167; x_wconf 89' lang='lat' dir='ltr'><strong>not</strong></span> <span class='ocrx_word' id='word_1_265' title='bbox 576 3136 600 3166; x_wconf 85' lang='lat' dir='ltr'><strong>in</strong></span> <span class='ocrx_word' id='word_1_266' title='bbox 619 3123 657 3166; x_wconf 84' lang='lat' dir='ltr'><strong>the</strong></span> <span class='ocrx_word' id='word_1_267' title='bbox 675 3136 744 3166; x_wconf 84' lang='lat' dir='ltr'><strong>sense</strong></span> <span class='ocrx_word' id='word_1_268' title='bbox 764 3123 791 3165; x_wconf 87' lang='lat' dir='ltr'><strong>oi</strong></span> <span class='ocrx_word' id='word_1_269' title='bbox 806 3133 952 3175; x_wconf 84' lang='lat' dir='ltr'><strong>ingenuous·</strong></span> 
     </span>
     <span class='ocr_line' id='line_1_36' title="bbox 67 3154 953 3230; baseline -0.003 -10"><span class='ocrx_word' id='word_1_270' title='bbox 67 3176 237 3228; x_wconf 69' lang='lat' dir='ltr'><strong>unbecomina,</strong></span> <span class='ocrx_word' id='word_1_271' title='bbox 249 3188 275 3219; x_wconf 83' lang='lat' dir='ltr'><strong>as</strong></span> <span class='ocrx_word' id='word_1_272' title='bbox 284 3188 321 3220; x_wconf 90' lang='lat' dir='ltr'><strong>we</strong></span> <span class='ocrx_word' id='word_1_273' title='bbox 330 3177 413 3219; x_wconf 86' lang='lat' dir='ltr'><strong>should</strong></span> <span class='ocrx_word' id='word_1_274' title='bbox 425 3189 474 3230; x_wconf 85' lang='lat' dir='ltr'><strong>say,</strong></span> <span class='ocrx_word' id='word_1_275' title='bbox 485 3189 499 3219; x_wconf 88' lang='lat' dir='ltr'><strong>a</strong></span> <span class='ocrx_word' id='word_1_276' title='bbox 511 3176 664 3230; x_wconf 79' lang='lat' dir='ltr'><strong>gentleman:</strong></span> <span class='ocrx_word' id='word_1_277' title='bbox 684 3176 725 3219; x_wconf 92' lang='lat' dir='ltr'><strong>hut</strong></span> <span class='ocrx_word' id='word_1_278' title='bbox 742 3175 769 3218; x_wconf 91' lang='lat' dir='ltr'><strong>in</strong></span> <span class='ocrx_word' id='word_1_279' title='bbox 789 3176 829 3218; x_wconf 91' lang='lat' dir='ltr'><strong>the</strong></span> <span class='ocrx_word' id='word_1_280' title='bbox 841 3187 910 3218; x_wconf 85' lang='lat' dir='ltr'><strong>sense</strong></span> <span class='ocrx_word' id='word_1_281' title='bbox 922 3154 953 3217; x_wconf 72' lang='lat' dir='ltr'><strong>ol&#39;</strong></span> 
     </span>
    </p>
   </div>
   <div class='ocr_carea' id='block_1_4' title="bbox 66 3283 323 3328">
    <p class='ocr_par' dir='ltr' id='par_1_6' title="bbox 66 3283 323 3328">
     <span class='ocr_line' id='line_1_37' title="bbox 66 3283 323 3328; baseline -0.012 0"><span class='ocrx_word' id='word_1_282' title='bbox 66 3283 139 3328; x_wconf 81' lang='lat' dir='ltr'><strong>uiuus</strong></span> <span class='ocrx_word' id='word_1_283' title='bbox 151 3283 323 3326; x_wconf 83' lang='lat' dir='ltr'><strong>verecundus.’&#39;</strong></span> 
     </span>
    </p>
   </div>
   <div class='ocr_carea' id='block_1_5' title="bbox 152 3349 918 3521">
    <p class='ocr_par' dir='ltr' id='par_1_7' title="bbox 152 3349 918 3521">
     <span class='ocr_line' id='line_1_38' title="bbox 152 3349 871 3415; baseline -0.004 -17"><span class='ocrx_word' id='word_1_284' title='bbox 152 3351 238 3398; x_wconf 72' lang='lat' dir='ltr'><strong>“liber</strong></span> <span class='ocrx_word' id='word_1_285' title='bbox 250 3351 321 3396; x_wconf 91' lang='lat' dir='ltr'><strong>homo</strong></span> <span class='ocrx_word' id='word_1_286' title='bbox 331 3365 357 3397; x_wconf 92' lang='lat' dir='ltr'><strong>es</strong></span> <span class='ocrx_word' id='word_1_287' title='bbox 368 3352 477 3407; x_wconf 82' lang='lat' dir='ltr'><strong>nimium,</strong></span> <span class='ocrx_word' id='word_1_288' title='bbox 490 3352 548 3396; x_wconf 86' lang='lat' dir='ltr'><strong>dicis</strong></span> <span class='ocrx_word' id='word_1_289' title='bbox 560 3352 624 3407; x_wconf 89' lang='lat' dir='ltr'><strong>mihi,</strong></span> <span class='ocrx_word' id='word_1_290' title='bbox 637 3351 741 3401; x_wconf 80' lang='lat' dir='ltr'><strong>Charite,</strong></span> <span class='ocrx_word' id='word_1_291' title='bbox 753 3349 871 3415; x_wconf 73' lang='lat' dir='ltr'><strong>semper.”</strong></span> 
     </span>
     <span class='ocr_line' id='line_1_39' title="bbox 492 3407 918 3521; baseline -0.002 -70"><span class='ocrx_word' id='word_1_292' title='bbox 492 3465 529 3521; x_wconf 51' lang='grc' dir='ltr'><strong>ν</strong></span> <span class='ocrx_word' id='word_1_293' title='bbox 719 3407 788 3451; x_wconf 88' lang='lat' dir='ltr'><strong>Mart.</strong></span> <span class='ocrx_word' id='word_1_294' title='bbox 799 3420 814 3452; x_wconf 90' lang='lat'><strong>1.</strong></span> <span class='ocrx_word' id='word_1_295' title='bbox 825 3408 871 3464; x_wconf 85' lang='lat' dir='ltr'><strong>Ep.</strong></span> <span class='ocrx_word' id='word_1_296' title='bbox 882 3407 918 3451; x_wconf 85' lang='lat'><strong>68.</strong></span> 
     </span>
    </p>
   </div>
   <div class='ocr_carea' id='block_1_6' title="bbox 66 3224 951 3284">
    <p class='ocr_par' dir='ltr' id='par_1_8' title="bbox 66 3224 951 3284">
     <span class='ocr_line' id='line_1_40' title="bbox 66 3224 951 3284; baseline -0.001 -11"><span class='ocrx_word' id='word_1_297' title='bbox 66 3224 236 3283; x_wconf 54' lang='lat' dir='ltr'><strong>free-spoken}</strong></span> <span class='ocrx_word' id='word_1_298' title='bbox 252 3241 267 3272; x_wconf 86' lang='lat' dir='ltr'><strong>a</strong></span> <span class='ocrx_word' id='word_1_299' title='bbox 286 3241 344 3272; x_wconf 89' lang='lat' dir='ltr'><strong>man</strong></span> <span class='ocrx_word' id='word_1_300' title='bbox 359 3229 459 3273; x_wconf 90' lang='lat' dir='ltr'><strong>without</strong></span> <span class='ocrx_word' id='word_1_301' title='bbox 476 3242 579 3273; x_wconf 77' lang='lat' dir='ltr'><strong>reservet</strong></span> <span class='ocrx_word' id='word_1_302' title='bbox 598 3229 660 3284; x_wconf 86' lang='lat' dir='ltr'><strong>“qui</strong></span> <span class='ocrx_word' id='word_1_303' title='bbox 681 3229 751 3272; x_wconf 88' lang='lat' dir='ltr'><strong>libere</strong></span> <span class='ocrx_word' id='word_1_304' title='bbox 767 3229 884 3284; x_wconf 80' lang='lat' dir='ltr'><strong>loquitur3</strong></span> <span class='ocrx_word' id='word_1_305' title='bbox 902 3239 951 3272; x_wconf 83' lang='lat' dir='ltr'><strong>nou</strong></span> 
     </span>
    </p>
   </div>
   <div class='ocr_carea' id='block_1_7' title="bbox 0 0 1032 3946">
    <p class='ocr_par' dir='ltr' id='par_1_9' title="bbox 0 0 1032 3946">
     <span class='ocr_line' id='line_1_41' title="bbox 0 0 1032 3946; baseline 0 1"><span class='ocrx_word' id='word_1_306' title='bbox 0 0 1032 3946; x_wconf 95' lang='lat' dir='ltr'><strong> </strong></span> 
     </span>
    </p>
   </div>
  </div>
 </body>
</html>
