2054 3946
352 462 424 509 titt.
440 461 492 508 111.
524 462 604 508 CAP.
629 461 673 506 Vl.
902 467 951 523 er

111 571 246 631 Forsitan
268 572 409 647 quispiam
432 571 544 638 dixerit,
559 590 654 629 nonne
678 571 764 647 igitur
789 569 914 644 sapiens,
930 571 955 628 si

71 651 147 709 lamo
169 651 232 725 ipse
255 651 430 718 conficiatur,
451 651 596 708 abstulerit
616 651 711 708 cibum
733 649 823 715 alteri,
845 650 954 707 homini

72 731 229 789 adnullam
243 749 302 788 rem
316 731 403 787 utilit
446 731 567 787 Minime
584 749 660 787 vero.
703 729 862 787 Nouenim
884 731 955 786 mihi

72 823 118 868 est
130 811 189 867 vita
202 828 265 867 mea
279 810 384 876 utilior,
398 829 483 881 quam
497 811 584 865 animi
600 811 662 866 talis
678 810 800 874 affectio,
811 810 955 866 nerninem

73 902 105 948 ut
118 889 234 956 violem,
249 888 394 945 commodi
415 890 472 945 mei
491 889 589 964 gratia.
632 889 732 954 Quint
753 889 778 945 si
800 888 954 955 Phalarim,

72 967 218 1025 crudelem
244 977 396 1043 tyrannum
417 979 445 1023 et
470 969 623 1025 immanem
649 970 693 1025 vir
713 969 816 1033 bonne,
833 986 867 1023 ne
894 968 955 1042 ipse

73 1048 178 1123 frigore
192 1046 366 1114 conficiatur,
380 1048 482 1103 vestitu
497 1047 619 1123 spoliare
628 1049 729 1122 possit,
743 1066 837 1104 nonne
852 1046 955 1103 faciatl

112 1126 187 1184 Haec
200 1126 235 1183 ad
245 1125 430 1202 judicandum
446 1138 512 1183 sunt
526 1126 669 1183 facillima.
712 1127 788 1183 Nam
803 1127 828 1183 si
842 1125 955 1197 quidab

73 1205 190 1263 homine
206 1205 240 1262 ad
255 1206 360 1263 nullam
376 1216 483 1281 partem
498 1207 570 1272 utili,
585 1216 639 1263 tuae
661 1207 788 1262 utilitatis
810 1225 896 1262 causa
909 1205 956 1263 de·

72 1285 205 1352 traxeris,
228 1285 382 1342 inhumane
409 1285 521 1352 seceris,
540 1297 693 1356 contraque
719 1296 823 1342 naturoe
850 1285 953 1360 legem.

72 1364 126 1421 Sin
148 1374 242 1421 notem
263 1364 288 1420 is
310 1374 339 1421 tu
360 1365 411 1431 sis,
428 1365 476 1436 qui
491 1365 607 1421 multam
623 1365 770 1421 utilitatem
793 1364 954 1440 reipublicae

71 1453 157 1516 atque
178 1443 327 1501 hominum
349 1444 486 1511 societati,
502 1444 528 1501 si
553 1445 584 1500 in
607 1444 663 1501 vita
684 1462 840 1509 remaneas,
855 1444 954 1501 afferre

72 1523 189 1598 poesie,
216 1523 242 1579 si
263 1521 342 1594 quid,
363 1524 399 1580 ob
420 1541 483 1580 eam
510 1528 654 1589 causamn*
682 1525 761 1580 alteri
789 1523 954 1592 detraxeris,

71 1602 184 1659 nonsit
206 1601 480 1677 reprehendendum.
525 1602 576 1659 Sin
592 1614 684 1659 autem
701 1603 729 1659 id
744 1621 801 1660 non
822 1604 859 1658 sit
880 1603 955 1676 ojus·

70 1680 162 1748 modi,
177 1700 262 1737 suurn
277 1681 379 1752 cuique
394 1681 606 1738 incommodum
628 1682 775 1738 serendum
790 1691 834 1736 est
848 1682 953 1755 potine,

70 1778 158 1832 quarn
173 1759 208 1816 de
223 1760 337 1816 alterius
353 1760 510 1816 commodis
523 1759 752 1822 detralrendum.†
792 1760 860 1816 Non
871 1761 956 1836 igitur

70 1840 164 1915 magis
178 1849 222 1895 est
234 1849 332 1896 contra
346 1851 472 1896 naturam
488 1841 613 1906 morbae,
629 1852 676 1896 aut
690 1848 810 1915 egestas,
826 1849 874 1894 aut
887 1839 954 1910 quid

69 1918 248 1995 hujusmodi,
263 1936 349 1990 quarn
370 1918 514 1985 detractio,
531 1930 579 1975 aut
605 1920 742 1995 appetitio
768 1919 871 1975 alieni:
904 1919 954 1975 sed

69 1998 233 2055 communia
247 1997 375 2054 utilitatis
396 1997 542 2055 derelictio
563 2010 660 2056 contra
681 2009 808 2056 naturam
829 2009 889 2064 est3
912 2010 956 2054 est

69 2077 148 2134 enim
170 2077 284 2152 injusta.
326 2076 424 2148 ltaque
445 2079 492 2134 lox
514 2079 577 2153 ipsa
597 2089 712 2145 naturae,
728 2095 790 2149 quae
806 2079 954 2135 utilitatem

70 2154 220 2213 hominum
234 2167 383 2213 conservat
397 2167 425 2213 et
438 2158 573 2224 continet,
588 2157 715 2215 decernit
729 2156 865 2232 prolecto,
876 2171 907 2214 ut
920 2158 954 2212 ab

70 2233 188 2317 homine
197 2236 280 2292 inerti
295 2245 378 2307 atque
394 2237 486 2293 inutili
496 2237 530 2292 ad
545 2238 713 2312 sapientem,
724 2238 839 2303 bonum,
854 2237 953 2294 sortem

70 2314 174 2381 virum,
190 2314 391 2372 transferantur
403 2335 448 2372 res
464 2316 497 2372 ad
512 2317 664 2373 vivendum
686 2317 871 2384 necessariae3
893 2316 953 2387 qui,

70 2393 96 2450 si
117 2391 262 2460 occiderit,
278 2395 396 2451 multum
418 2395 453 2451 de
474 2397 619 2452 communi
640 2396 758 2452 utilitate
782 2395 953 2461 detraxerit;

70 2471 157 2529 modo
178 2472 233 2529 hoc
254 2474 293 2529 ita
313 2474 405 2537 faciat,
421 2485 452 2530 ut
464 2494 498 2530 ne
514 2475 575 2549 ipse
590 2475 624 2531 de
638 2495 669 2531 se
682 2477 754 2532 bene
774 2476 952 2540 existimans,

70 2570 192 2623 seseque
207 2552 339 2628 diligens,
356 2554 427 2610 hanc
441 2573 555 2610 cattsam
571 2554 673 2611 habeat
687 2554 721 2611 ad
736 2556 878 2630 injuriam.
912 2554 954 2611 lta

103 2728 165 2789 {Ob
177 2738 230 2771 eant
247 2740 352 2773 camum.
385 2730 421 2772 On
440 2732 543 2773 account
559 2730 588 2773 os
603 2742 663 2784 your
682 2741 737 2773 own
758 2733 823 2784 great
840 2731 910 2774 vnluc
928 2731 953 2774 in

69 2785 265 2928 mlffl'ydmmotta
276 2833 454 2896 detrahendum.
487 2836 564 2896 Many
573 2840 622 2879 acts
630 2835 693 2878 done
703 2835 737 2878 sor
747 2835 785 2878 the
794 2835 953 2896 preservation

68 2886 954 3018 ttrttttttffltlttt¹¹3t¹tt⁶tntftttttt,ttae,ttttjttttt

68 2993 953 3144 tertullumttttt'ttttttwtttttttttttttttlrnttttp

69 3099 146 3195 {llll
159 3099 953 3208 tttrttrttt’ttttttttttttt⁰ttttt¹¹tl:tttrttt‘t

69 3204 150 3267 Ph5iv.
162 3209 181 3267 l·
214 3205 319 3249 Cicero's
330 3207 448 3260 languore
461 3206 481 3248 is
490 3211 532 3249 not
540 3205 624 3249 indeed
634 3219 690 3261 vcry
699 3207 836 3268 dogmatica}
846 3219 863 3268 ².
874 3207 951 3269 suurn

67 3257 954 3375 trttttttttttltttttttttttttttttttttttttttttttttt

67 3365 952 3476 tttttttttttttlt,tt‘lnlttttttttatlttttt‘lttdtt

68 3474 110 3514 ttot
122 3469 151 3514 be
163 3469 195 3525 by
204 3449 375 3526 undervituing
388 3470 459 3515 tluenr.
