2054 3946
93 182 152 237 204
415 174 462 220 or
488 176 670 223 orsrcur.

93 288 170 343 enim
186 284 258 341 scire
273 282 378 349 debuit,
394 283 428 341 de
444 286 572 352 sanitate,
588 283 622 343 de
638 285 716 361 fuga,
732 283 768 343 de
785 284 878 352 furtis,
892 304 967 363 pras·

94 378 133 423 tat
146 364 238 421 edicto
253 364 389 421 aedilium.
432 364 599 422 Heredum*
614 365 669 422 alia
682 384 773 422 causa
786 376 842 421 est.
1011 410 1013 435 ,

133 445 181 501 Ex
196 463 253 515 quo
274 444 450 519 intelligitur,
466 445 600 515 quoniam
617 445 703 521 juris,
718 455 832 511 natura,
848 444 910 501 sons
928 446 967 509 sit,
1011 440 1013 447 ’

94 525 149 581 hoc
163 522 319 580 secuudum
341 533 468 579 naturam
490 542 565 591 esse,
581 524 726 581 neminem
740 522 773 579 id
787 542 884 599 agere,
897 533 927 581 ut
937 540 968 581 ex

93 604 207 660 alterius
233 602 373 677 praedetur
397 602 519 659 inscitia.
567 603 631 661 Neo
658 604 717 660 ulla
743 604 892 678 pernicies
914 603 967 659 vita

92 683 184 758 major
198 681 318 738 inveniri
340 690 443 756 potest,
459 700 544 753 quam
560 683 590 739 in
604 682 712 739 malitia
732 683 883 739 simulatio
899 682 968 739 iutel-

92 761 215 837 ligentia
227 761 250 821 :†
264 779 300 817 ex
314 779 371 832 quo
386 760 439 817 ista
454 762 670 818 inmrmerabilia
683 772 849 827 nascunter,
861 772 893 818 ut
901 760 966 819 utilia

93 860 158 897 oum
179 841 308 896 honestis
329 859 454 915 pugnare
470 839 628 899 videantur.
671 841 785 907 Quotus
806 842 887 899 euim
903 840 968 913 quis·

94 938 149 991 quo
173 920 337 994 reperietur,
354 919 402 990 qui
424 920 591 995 impunitate
606 930 635 976 et
654 921 836 997 ignoratione
851 921 966 978 omnium

94 1000 250 1074 proposita,
267 999 407 1055 abstinere
422 999 515 1074 possit
528 1000 653 1075 injurial

94 1124 183 1182 OAP.
199 1125 311 1182 XVIII.
340 1122 405 1182 Viri
418 1124 488 1181 honi
503 1123 663 1192 casanilli
682 1123 761 1183 lucri
775 1126 913 1201 accipere,
927 1122 967 1183 eni

122 1204 329 1361 stlffiimdiilh
351 1203 425 1279 quid
443 1204 529 1271 insit,
545 1204 663 1263 etiarnsi
683 1204 748 1263 sine
769 1204 858 1282 cahra
877 1200 967 1262 maid

207 1302 290 1360 porra
307 1325 314 1339 .

133 1398 371 1462 Pharcnraenou,
386 1397 411 1452 si
433 1397 535 1472 placet,
551 1398 630 1454 iniis
645 1397 760 1469 quidem
776 1396 930 1474 exemplis,
942 1396 967 1454 in
1009 1418 1013 1469 t

94 1479 197 1549 quibus
219 1477 330 1553 peccari
356 1476 457 1552 vulgus
480 1477 629 1534 hominum
656 1477 776 1533 sortasse
802 1496 862 1534 non
889 1486 967 1553 putat.

95 1558 198 1628 Neque
220 1556 295 1613 enim
311 1556 345 1612 de
359 1556 479 1623 sicariis,
495 1557 652 1621 veneficiis,
666 1558 898 1624 testamentariis,
912 1556 968 1613 luri·

93 1638 156 1702 bus,
172 1635 380 1710 peculatoribus
400 1636 455 1692 hoc
475 1635 540 1693 loco
560 1634 757 1692 disserendum
773 1646 836 1703 est;
859 1636 907 1708 qui
920 1652 968 1693 non

93 1717 187 1773 verbis
208 1727 274 1772 sunt
294 1725 322 1772 et
342 1714 532 1791 disputatione
547 1715 796 1791 philosophorum,
812 1714 864 1771 sed
878 1714 967 1772 sinclis

94 1806 123 1851 et
136 1815 246 1852 carcero
256 1795 389 1870 fatigandi
403 1816 410 1861 ;
432 1793 481 1850 sed
491 1794 553 1850 haec
563 1795 787 1860 consideremus,
799 1812 863 1866 quae
876 1794 968 1851 faciunt

95 1874 125 1940 ii,
134 1876 183 1946 qui
196 1875 333 1932 habentur
346 1876 421 1931 boni.
463 1873 498 1929 L.
512 1874 633 1930 Minucii
647 1874 748 1940 Basili,
761 1874 916 1949 locupletis
928 1874 968 1930 ho·

94 1954 191 2018 miniS,
202 1954 304 2010 falsum
314 1964 512 2017 testamentum
525 1952 639 2025 quidam
652 1972 668 2009 e
680 1953 793 2010 Graecia
805 1954 929 2011 Romam
938 1962 969 2009 at·

95 2032 226 2088 tulerunt.
270 2034 335 2098 Quo
355 2033 465 2089 facilius
487 2034 655 2099 obtinerent,
671 2032 849 2107 scripserunt
861 2032 969 2091 heredes

95 2130 192 2167 secum
204 2112 247 2167 M.
259 2112 395 2168 Crassum
409 2122 436 2168 et
446 2113 481 2177 (l.
494 2111 835 2177 Hortensium,homines
850 2112 970 2189 ejusdem

95 2191 184 2246 aetatis
197 2191 425 2266 potentissimos:
442 2192 501 2262 qui,
513 2211 577 2248 cum
587 2191 655 2248 illud
665 2191 768 2249 salsum
778 2211 844 2248 esse
855 2192 971 2267 suspica·

94 2280 201 2335 rentur,
217 2271 272 2326 sibi
293 2282 385 2326 autem
409 2271 514 2326 nullius
538 2282 634 2327 essent
652 2270 761 2327 conscii
775 2272 881 2346 culpae,
896 2268 971 2329 alieni

96 2349 229 2407 facinoris
244 2350 444 2407 munusculum
457 2369 513 2407 non
523 2350 769 2426 repudiaveruntss
803 2348 971 2427 Quidergol

129 2499 142 2526 *
155 2495 280 2539 Heredum.
315 2495 366 2538 The
383 2494 461 2541 laults.
474 2494 498 2536 in
516 2494 591 2536 slaves
609 2493 736 2547 belonging
747 2496 771 2536 to
789 2506 893 2547 persons
910 2490 974 2546 lately

96 2548 215 2598 deceased,
224 2552 287 2592 must
299 2547 326 2590 be
339 2548 462 2601 presumed
471 2551 494 2589 to
503 2546 530 2590 he
541 2548 666 2590 unknown
676 2551 700 2590 to
711 2546 777 2589 those
786 2547 842 2589 who
851 2544 976 2591 succeeded

96 2605 121 2644 to
133 2602 192 2645 their
212 2606 339 2656 property3
358 2600 396 2644 tho
412 2601 481 2643 latter
492 2612 559 2650 were,
572 2600 694 2649 therefore,
706 2604 749 2642 not
767 2599 850 2643 bound
864 2600 895 2655 hy
906 2612 920 2644 a
930 2610 974 2655 pro·

96 2656 178 2699 sumed
191 2659 308 2708 warranty
319 2654 412 2701 nuainst
423 2654 481 2697 such
494 2653 571 2703 faults,
583 2658 607 2696 to
619 2653 657 2697 the
670 2651 819 2707 purchasors.

129 2708 400 2763 Hit-intelligentia:
419 2708 526 2762 huot-cry
535 2707 612 2750 urrder
622 2705 659 2752 tte
671 2706 741 2751 muslt
753 2705 915 2762 ‹fprudenoc

404 2793 555 2837 CHAPTER
574 2792 667 2836 XVIII.

130 2865 355 2919 tReprtdt'ouerttnl.
389 2863 419 2906 In
436 2862 579 2916 concluding
597 2862 636 2905 the
653 2863 697 2905 last
713 2860 818 2915 chapter.
829 2861 914 2906 Cicero
930 2860 977 2921 intr·

96 2924 171 2962 matos
184 2919 218 2961 his
230 2917 403 2973 apprehension
419 2917 469 2960 that
487 2916 550 2959 there
562 2928 601 2959 are
614 2915 660 2959 lew
671 2914 725 2958 who
738 2915 818 2958 would
830 2920 875 2959 not
887 2918 979 2959 commit

97 2983 128 3015 an
141 2976 178 3015 art
189 2973 217 3014 of
224 2973 329 3025 lrnavery
337 2970 414 3013 where
427 2970 491 3013 there
501 2982 549 3011 was
559 2981 573 3011 a
584 2969 698 3022 certamty
708 2966 736 3010 of
744 2968 859 3023 avoiding
866 2968 978 3013 detection

97 3024 144 3067 and
152 3025 321 3079 punishment:
339 3024 385 3067 and
397 3024 452 3067 here
464 3022 577 3076 certatnly
586 3034 617 3065 an
625 3022 732 3065 Instance
740 3021 760 3063 is
769 3021 879 3066 adduced
891 3022 919 3066 ol
925 3018 978 3065 such

96 3078 200 3121 conduct
211 3078 235 3120 in
248 3089 346 3131 persons
360 3077 387 3120 of
400 3076 455 3130 high
467 3075 533 3119 rank.
568 3077 597 3119 In
610 3086 653 3118 our
667 3086 722 3117 own
735 3073 805 3118 times
815 3076 865 3118 and
876 3078 971 3169 countrp

97 3129 116 3172 lt
126 3141 181 3184 may
191 3130 219 3173 be
231 3130 261 3173 ho
279 3131 307 3173 ed
317 3130 366 3173 that
377 3129 440 3172 thero
452 3141 491 3172 are
502 3141 527 3171 os
537 3129 590 3180 lew,
597 3128 638 3182 qul
645 3126 762 3189 hahentur
772 3127 833 3175 honi.
843 3128 895 3172 that
903 3102 979 3171 woud

73 3198 77 3209 ¹
89 3184 149 3228 seelr
160 3188 185 3229 to
196 3143 310 3230 establlsh
322 3198 336 3230 a
348 3183 398 3230 will
411 3182 490 3229 thch
506 3183 561 3238 thes
574 3194 637 3226 were
646 3180 777 3234 rutrmatclr
790 3181 923 3235 persuaded
934 3191 979 3225 wne

67 3309 85 3352 Ι
