2054 3946
102 205 156 259 132
416 198 463 245 ue
487 198 668 246 oaurcrrs.

98 327 201 384 magna
223 316 299 364 osset
326 308 424 384 opinio
446 308 645 365 multitudinis.
686 305 833 383 Adjuncto
852 322 928 375 vero,
947 312 970 363 ut

99 389 185 445 tidem
213 389 298 445 etiam
326 389 479 464 prudentes
507 388 685 453 haberentur,
710 386 785 443 nihil
813 396 884 453 erat,
907 384 971 459 quod

98 468 230 524 homines
246 468 290 523 his
305 468 466 524 auctoribus
481 486 538 523 non
558 485 644 542 posse
665 466 807 537 consequi
825 484 858 522 se
872 466 972 523 arbitra·

98 559 205 604 rentur.
248 546 335 603 Omni
357 548 443 623 igitur
456 547 565 602 ratione
583 544 700 603 colenda
713 554 743 601 et
757 544 908 603 retinenda
921 544 973 621 jur·

99 627 161 683 titia
182 634 234 689 est,
258 636 317 682 turn
344 627 408 701 ipsa
431 645 483 700 per
503 644 566 682 sese
589 624 666 703 (narn
687 624 769 681 aliter
792 625 908 701 justitia
924 642 975 681 nou

99 704 187 782 esset)
204 715 262 761 tum
285 718 400 780 propter
420 705 670 780 amplificationem
692 704 812 760 honoris
827 714 857 761 et
877 704 975 780 glorie.

101 784 159 841 Sed
172 794 204 840 ut
224 785 351 858 pecuniae
367 804 424 841 non
440 783 597 856 quaerendae
618 784 711 840 solum
729 784 803 841 ratio
817 794 873 849 est,
888 800 975 839 verutu

100 866 185 919 etiam
207 863 389 930 collocandae,
412 882 475 936 quar
496 874 649 939 perpetuos
676 871 788 919 sumtus
810 862 976 938 suppeditet,

101 962 154 999 nec
172 943 265 998 solum
290 945 478 1007 necessarios,
494 942 545 999 sed
566 942 650 998 etiarn
672 941 816 1010 liberales,
832 943 876 999 sie
896 940 978 1019 gloria

102 1033 130 1078 et
145 1022 304 1092 querenda,
321 1033 349 1078 et
363 1021 528 1079 collocanda
541 1022 648 1078 ratione
664 1024 737 1077 est*

142 1100 321 1172 Quamquam
335 1102 468 1177 praeclare
479 1101 636 1166 Socrates,†
644 1100 717 1156 hanc
729 1100 805 1156 viam
815 1099 851 1156 ad
866 1100 978 1177 glorium

102 1181 260 1255 proximam
274 1190 301 1235 et
316 1183 396 1253 quasi
412 1180 653 1255 compendiariam
668 1177 780 1235 dicebat
791 1197 869 1245 esse,
882 1179 907 1236 s'i
921 1180 980 1251 quis

103 1259 131 1315 id
153 1271 256 1335 ageret,
276 1271 315 1326 ut,
338 1261 429 1331 qualis
450 1260 548 1316 haberi
569 1260 664 1325 vellet,
686 1258 750 1314 talis
771 1268 859 1315 esset.
902 1258 980 1325 Quor

103 1339 128 1394 si
150 1339 198 1410 qui
220 1340 410 1407 simulatione,
429 1350 457 1396 et
478 1340 555 1395 inani
576 1339 774 1404 ostentatione,
790 1349 820 1394 et
840 1340 909 1395 licto
929 1354 982 1397 nort

104 1419 188 1474 modo
214 1437 355 1485 sermone,
380 1419 429 1476 sed
452 1419 535 1475 etiam
553 1419 640 1484 vultu,
655 1417 785 1473 stabilem
808 1436 843 1473 se
867 1419 983 1493 glorium

104 1499 240 1569 consequi
251 1517 336 1573 posse
350 1510 455 1565 rentur,
468 1498 651 1555 vehementer
660 1507 762 1553 errant.
804 1496 885 1555 Vera
898 1497 985 1575 gloria

103 1577 211 1634 radices
227 1579 294 1652 agit,
310 1589 393 1649 atque
408 1578 493 1634 etiam
509 1588 699 1652 propagatur:
722 1577 788 1632 ficta
801 1579 904 1635 omnia
917 1578 985 1635 cele·

104 1657 179 1723 riter,
194 1668 336 1728 tamquam
351 1658 474 1723 flosculi,
491 1655 633 1722 decidunt,
647 1674 700 1712 nec
714 1656 881 1713 simulatum
897 1666 985 1733 potest

104 1737 258 1808 quidquam
284 1756 347 1792 esse
369 1737 543 1793 diuturnum.
586 1735 691 1792 Testes
714 1745 781 1791 stant
797 1738 936 1809 permulti
958 1738 984 1795 in

103 1825 251 1886 utramque
268 1827 374 1889 partem
388 1836 395 1872 ε
418 1814 469 1872 sed
483 1815 627 1872 brevitatis
641 1832 727 1870 eausa
738 1814 849 1871 familia
863 1816 984 1875 conteuti

104 1895 209 1950 erimus
222 1914 286 1949 una.
329 1895 377 1951 Ti.
394 1897 472 1952 enim
488 1895 663 1966 Gracchus,‡
678 1894 712 1950 P.
727 1893 760 1950 F.
775 1905 834 1950 tarn
850 1894 900 1953 diu
913 1896 984 1955 laud·

105 1974 205 2037 abitur,
220 1972 286 2028 dum
302 1974 439 2031 memoria
454 1992 547 2030 rerum
562 1974 758 2030 Romanorum
773 1976 912 2032 manebit.
951 1978 983 2035 At

105 2053 166 2125 ejus
182 2052 261 2124 filii,§
277 2072 328 2109 uec
345 2055 399 2109 vivi
416 2055 603 2128 probabantur
617 2052 711 2118 bonis,
726 2060 754 2107 et
769 2055 876 2111 mortui
892 2074 984 2113 nume·

104 2149 166 2187 rurn
183 2132 310 2188 obtinent
319 2133 384 2207 jure
399 2151 547 2190 caesorum.

138 2273 151 2300 ³¹¹
164 2269 265 2313 Ratione
276 2270 317 2314 est.
352 2273 385 2314 lte
398 2283 441 2314 otrr
457 2270 603 2314 endeavours
616 2273 639 2313 to
655 2270 762 2325 irnprove
775 2281 819 2314 our
831 2272 939 2319 arnonas
949 2284 982 2319 m

104 2327 147 2366 not
158 2322 270 2376 designcd
288 2324 383 2377 rnercly‚
394 2324 444 2367 that
456 2324 495 2366 the
511 2336 599 2378 money
612 2324 721 2378 acquircd
740 2321 826 2368 should
839 2326 867 2370 bc
881 2328 982 2377 boarded.

105 2388 131 2419 so
143 2388 187 2419 our
199 2376 345 2419 endeavours
356 2381 380 2420 to
392 2376 503 2419 establish
515 2389 530 2420 a
543 2377 603 2430 good
614 2377 749 2432 reputation
762 2375 848 2422 should
860 2384 911 2433 not,
922 2382 944 2425 ir
950 2392 982 2425 ws

105 2442 145 2472 are
164 2429 300 2479 successful,
312 2430 375 2473 there
393 2429 524 2473 terminate.
560 2431 603 2474 We
621 2430 705 2474 should
722 2429 783 2472 avait
801 2434 922 2478 ourselves
933 2434 982 2480 wid

104 2481 228 2539 judgmcnt
241 2483 268 2524 of
278 2482 328 2525 that
339 2483 478 2538 reputation,
491 2487 514 2526 to
527 2484 599 2526 uttain
612 2484 678 2528 other
690 2482 797 2526 valuuble
810 2484 909 2532 olfacto.

138 2536 283 2591 †Pr·aechrre
298 2535 403 2580 Sitcrniee.
440 2535 550 2590 Xenoph.
562 2537 691 2581 Memorab.
702 2535 741 2580 lib,
752 2536 776 2580 ii.
806 2498 982 2593 'adlimam

106 2590 160 2636 rdrn
171 2601 193 2629 re
204 2590 238 2628 rai
249 2588 400 2638 ἀσφαλεστάτη
413 2591 447 2629 καὶ
461 2589 567 2637 καλλίστη
578 2589 631 2635 ὁδὸς.
641 2586 658 2631 ὦ
669 2585 814 2640 detractoris,
824 2589 837 2630 ὅ
846 2603 869 2631 τι
884 2586 983 2641 dullum

85 2682 88 2689 ,
106 2634 176 2679 δοκεῖν
186 2637 267 2717 dpudde
274 2631 337 2682 eluar,
348 2641 410 2679 rouro
420 2639 454 2678 uni
465 2639 561 2690 γενέσθαι
570 2640 651 2690 u'yulldv
660 2638 779 2688 πειρᾶσθαι.

139 2688 218 2736 ssTt›.
239 2687 367 2731 Gracchus.
400 2688 463 2730 Who
482 2688 527 2729 had
546 2688 603 2730 been
626 2690 692 2730 twice
709 2686 800 2736 consul,
819 2687 850 2731 Δ.
860 2688 893 2732 U.
904 2687 930 2732 C.
942 2686 983 2733 did

106 2741 154 2783 and
166 2739 224 2789 5903
243 2739 288 2782 had
301 2739 369 2783 twice
382 2738 532 2834 triumphcdr
550 2741 596 2783 und
609 2740 653 2783 had
665 2739 723 2783 been
737 2750 828 2781 censor.

142 2792 228 2854 §isitii
264 2793 390 2846 Eneaging
408 2793 454 2835 int
471 2793 548 2835 ecivil
568 2793 714 2836 dissensione
725 2791 753 2835 of
766 2791 825 2835 their
842 2798 951 2849 country.
961 2793 983 2838 iu

106 2851 240 2907 oppositum
253 2849 277 2889 to
289 2847 428 2907 the-senate,
440 2845 497 2888 ench
506 2845 533 2888 os
541 2848 604 2890 these
617 2846 719 2889 brothers
730 2857 781 2906 was
792 2846 984 2901 assentantium

106 2900 145 2942 the
156 2900 254 2942 interval
266 2900 293 2959 of
302 2899 400 2942 tlnrtccn
411 2911 484 2953 years.
519 2902 540 2942 A
554 2900 645 2944 Freneh
656 2899 823 2949 academrctan,
835 2898 869 2943 M.
880 2902 917 2945 Du
927 2901 986 2953 Boiu,

107 2951 132 2995 in
144 2965 158 2994 a
170 2957 225 2995 note
237 2952 313 2995 which
332 2952 361 2996 he
375 2953 417 2994 has
434 2952 502 3005 given
522 2953 545 2995 iu
564 2953 599 2996 his
617 2952 794 2996 translationes
809 2953 856 2996 this
868 2955 940 3008 worlt,
950 2952 985 2997 ub·

107 3017 191 3100 ἰοτνσί
201 3018 257 3058 very
275 3005 392 3066 eoollylof
406 3006 480 3102 these6
488 3005 641 3067 unfortunate
657 3005 805 3100 brothepstf‘}
815 3003 932 3052 C'dtoient
948 3007 985 3051 det

105 3062 470 3175 ,1{tutttttt'td‘ttttdtt
503 3059 986 3176 ,ttittttttitt‚tftttdt‘tlt'

100 3173 144 3215 mg
155 3167 180 3207 to
192 3162 229 3206 lns
246 3165 306 3227 code
320 3166 347 3209 of
359 3167 481 3222 moraltty,
491 3166 614 3218 theletum,
623 3177 673 3218 yuu
683 3178 724 3207 nie
737 3167 841 3226 iustitied
850 3166 877 3210 in
894 3172 986 3229 puttrnss

94 3219 119 3259 to
130 3216 203 3261 death
219 3219 325 3265 without
336 3219 399 3266 form
412 3221 437 3267 ol
446 3221 504 3277 latu,
516 3220 550 3265 all
560 3230 662 3275 persons
670 3217 727 3260 who
736 3222 860 3270 persium
868 3230 997 3271 quum

67 3280 134 3384 ἱ
