2054 3946
359 482 486 530 Ltn.11.
517 481 598 526 (ΛΡ.
615 482 674 527 XV.
901 485 957 539 13⁹

70 595 164 651 ratio*
179 592 210 649 in
225 593 307 649 istam
321 610 403 668 spem
419 590 539 656 induxit,
555 599 586 647 ut
599 609 648 648 eos
664 591 715 649 tibi
729 590 828 648 fideles
843 600 956 665 putares

72 676 145 739 fore,
172 691 245 744 quos
269 672 392 748 peeunia
416 671 617 747 corrupisses?
658 675 703 728 An
726 683 753 727 tu
777 671 807 727 id
830 671 902 744 agis,
926 682 958 727 ut

74 751 251 810 Macedones
265 771 321 808 non
337 765 363 807 te
379 770 473 826 regem
489 769 583 817 suum,
599 749 650 806 sed
664 751 825 806 ministrnm
841 761 869 804 et
888 769 958 824 pru·

73 833 196 889 bitorern
212 841 326 906 sperent
340 830 400 887 lore
410 830 443 886 l’'
486 830 565 887 Bene
580 839 600 864 “
610 830 773 886 ministrnm
786 841 814 886 et
828 830 958 904 praebito·

73 929 134 968 rem
145 909 176 976 ;”
199 910 266 981 qnia
279 909 426 966 sordidum
447 910 525 986 regi:
549 909 650 966 melius
664 910 759 975 etiam.
776 907 853 980 quod
874 909 957 984 largi-

74 990 182 1047 tionem
203 989 392 1065 corruptelam
412 1007 477 1045 esse
491 989 573 1046 dixit.
615 989 663 1046 Fit
677 990 752 1045 enim
768 989 890 1045 deterior
907 989 957 1060 qui

74 1069 188 1143 accipit,
204 1080 288 1141 atque
303 1068 338 1125 ad
361 1067 437 1126 idem
451 1087 564 1144 semper
585 1067 808 1143 exspectandum
823 1068 955 1142 paratior.

77 1147 142 1205 lloo
174 1147 222 1205 ille
250 1149 331 1206 filio:
366 1147 418 1204 sed
445 1157 617 1223 preceptum
653 1158 785 1222 putemus
813 1149 955 1203 omnibus.

76 1227 271 1292 Quamobrem
303 1227 332 1285 id
362 1227 477 1300 quidem
503 1246 561 1284 uon
590 1225 707 1284 dubium
739 1239 792 1292 est,
816 1229 884 1297 quin
909 1227 957 1283 illa

74 1307 245 1382 benignitas,
259 1326 321 1378 quta
336 1315 446 1366 constat
457 1325 494 1363 ex
507 1325 595 1381 opera
608 1316 637 1362 et
650 1306 796 1371 industria,
813 1319 841 1361 et
854 1305 957 1363 hones-

73 1390 131 1443 tior
144 1387 192 1452 sit,
208 1396 236 1443 et
249 1386 332 1443 latius
349 1396 451 1461 pateat,
466 1395 495 1442 et
508 1386 600 1460 possit
614 1386 749 1460 prodesse
765 1386 902 1460 pluribus.

115 1465 331 1536 Nonnunquam
346 1478 440 1522 tamen
462 1477 507 1521 est
520 1463 708 1539 largiendum,
724 1484 775 1522 nee
792 1465 845 1521 hoe
859 1465 957 1540 benig-

74 1544 170 1601 nitatis
183 1563 273 1620 genus
285 1545 402 1602 omnino
417 1543 623 1617 repudiandum
635 1556 698 1600 est:
715 1556 743 1601 et
757 1563 832 1619 supe
845 1542 956 1600 idoneis

73 1622 240 1681 bominibus
255 1623 290 1680 de
305 1643 334 1680 re
349 1624 480 1680 familiari
495 1623 726 1698 impartiendum,
742 1623 791 1679 sed
807 1623 957 1698 diligenter

73 1713 159 1774 atque
170 1702 322 1760 moderate.
366 1703 451 1759 Multi
461 1704 538 1759 enim
550 1703 720 1778 patrimonia
731 1701 901 1768 effuderunt,
915 1702 956 1760 iu·

71 1783 204 1838 consulte
213 1782 369 1858 largiendo.
392 1781 469 1848 Quid
479 1793 572 1839 autent
585 1782 763 1847 eststnltius,
774 1800 870 1852 quam,
880 1782 957 1853 quod

72 1860 194 1919 libenter
209 1861 305 1928 facias,
322 1880 429 1928 curare,
446 1872 476 1918 ut
490 1859 519 1918 id
532 1861 637 1919 diutius
653 1861 745 1918 saeere
766 1880 823 1917 non
839 1861 955 1935 possis!

73 1943 168 2012 Atque
179 1940 264 1997 etiam
275 1953 430 2012 sequuntur
441 1941 620 2016 largitionem
633 1941 749 2015 rapinoe.
793 1939 868 1996 Cum
879 1941 955 1997 enim

71 2017 168 2076 dando
192 2038 275 2095 egere
304 2030 459 2095 eruperunt,
488 2021 587 2077 alienis
615 2021 698 2077 bonis
726 2039 827 2076 manus
855 2018 956 2076 afferre

72 2109 223 2174 eoguntur·
265 2098 317 2165 lta,
340 2118 405 2156 eum
428 2100 630 2156 benevolentiae
653 2099 849 2174 comparandae
871 2117 957 2155 eausa

72 2176 195 2234 benefici
229 2196 293 2234 esse
322 2179 418 2246 velint,
444 2198 502 2235 non
537 2189 612 2235 tanta
639 2179 733 2235 studia
767 2189 956 2250 assequuntur

72 2274 184 2323 eorum,
208 2258 310 2328 quibus
335 2257 482 2325 dederunt,
508 2268 612 2329 quanta
636 2259 702 2316 odia
724 2278 833 2326 eorum,
852 2259 955 2330 quibus

72 2335 249 2393 ademerunt.

114 2416 306 2481 Quamobrem
327 2435 381 2472 neo
395 2416 434 2472 ita
455 2415 610 2473 claudenda
631 2427 674 2473 est
693 2437 738 2474 res
752 2417 909 2482 familiaris,
925 2428 956 2473 ut

72 2513 137 2550 eam
160 2495 320 2570 benignitas
334 2496 442 2570 aperire
466 2514 524 2552 non
548 2497 655 2569 possit3
679 2516 731 2553 nee
753 2498 792 2553 ita
805 2496 956 2554 reseranda

72 2584 105 2629 ut
118 2583 213 2648 pateat
234 2576 385 2639 omnibus3
407 2573 509 2630 modus
531 2574 705 2642 adhibeatur,
721 2577 803 2648 isque
821 2576 956 2632 referatur

72 2651 108 2709 ad
123 2652 280 2710 facultates.
323 2653 449 2710 Omnino
465 2655 629 2711 meminisse
645 2655 781 2712 debemus
796 2655 835 2723 id,
851 2655 956 2727 quoda

73 2734 179 2789 nostris
202 2733 366 2789 hominibus
388 2733 548 2808 sepissime
568 2744 745 2807 usurpatum,
758 2736 819 2809 jam
838 2735 869 2791 in
893 2753 956 2809 pro·

72 2812 164 2869 verbii
185 2812 420 2869 consuetudinem
441 2813 529 2880 venit,
554 2812 734 2889 largitionem
756 2811 875 2870 fundum
898 2831 955 2870 non

404 2968 557 3014 CHAPTER
575 2969 629 3014 XV.

108 3063 121 3087 s
130 3052 227 3096 Mutum
239 3053 309 3097 ratto.
343 3054 403 3106 Quae
414 3055 436 3098 te
448 3055 514 3099 nanto
525 3055 607 3107 ratim
624 3055 682 3110 preld
693 3057 715 3100 te
727 3054 822 3098 nutam
833 3054 955 3104 rationis:

72 3105 121 3150 and
132 3106 195 3159 quod
212 3107 235 3150 te
253 3107 349 3150 malum
367 3107 475 3161 raama,
487 3121 527 3152 are
539 3109 588 3152 also
600 3109 676 3152 found
695 3108 720 3151 in
733 3120 798 3151 some
816 3110 885 3152 MSS.
918 3109 955 3162 By

71 3159 140 3203 tbose
153 3157 207 3201 wbo
225 3160 301 3214 prefer
319 3160 358 3203 tlre
374 3166 470 3214 present
487 3161 591 3213 reading.
604 3173 691 3212 among
702 3160 779 3204 whom
799 3161 818 3203 is
836 3163 956 3213 Erasmus,

72 3213 167 3256 arulum
185 3211 206 3254 is
223 3212 366 3272 understood
388 3225 413 3256 as
436 3226 467 3257 un
490 3215 647 3257 exclamation
659 3215 687 3257 ot
701 3213 850 3268 indignatiort
870 3214 896 3257 in
916 3214 955 3258 ttro

71 3264 154 3308 father.
188 3265 297 3309 Velenus
313 3267 443 3319 Maximus,
455 3267 494 3310 vii.
507 3269 530 3311 2.
543 3269 577 3319 10,
589 3267 643 3311 tbus
661 3279 719 3322 para
737 3267 817 3310 hrases
834 3267 874 3311 tlre
891 3279 955 3311 samo

71 3329 173 3378 passage
191 3318 215 3360 in
236 3318 283 3380 this
301 3319 381 3364 letter:
399 3321 481 3374 “Quas
498 3324 529 3372 te,
540 3319 581 3372 fili,
599 3321 658 3364 ratio
676 3321 702 3364 in
720 3280 783 3364 liene
799 3325 848 3364 tarn
868 3333 954 3364 vanam

69 3383 141 3425 spem
161 3370 263 3421 rndnxrt,
275 3376 303 3416 nt
313 3385 353 3416 eos
365 3372 406 3416 tibi
418 3373 497 3416 fideles
509 3373 601 3417 futuros
612 3373 766 3426 existimares,
778 3385 838 3428 quos
851 3374 952 3428 pecunia

69 3423 230 3485 adnamorem
251 3425 287 3469 tui
309 3427 492 3482 eomp·alisses'’
536 3427 604 3481 Qua,
627 3424 731 3472 malum!
763 3433 800 3472 est
823 3427 867 3472 ista
890 3429 954 3472 ratio.

68 3476 170 3530 Pbrlrpp.
180 3489 204 3521 x,
215 3477 237 3522 9.
250 3478 285 3523 ts

978 3612 998 3707 l
