2054 3946
70 175 124 229 128
385 169 433 214 ua
456 168 629 215 osrrcrrs

66 280 115 352 qui
129 297 215 335 unam
230 277 354 345 haberet,
369 297 468 335 omncs
483 277 587 335 habere
601 278 737 343 virtutes;
759 295 837 333 nune
851 276 889 333 ita
900 294 938 333 ee·

68 361 198 434 jungam,
215 358 295 428 quasi
310 358 403 432 possit
416 358 579 429 qnisquam,
595 358 644 428 qui
659 376 715 413 nun
730 356 808 413 idem
823 354 939 431 prudent

66 439 113 504 sit,
123 439 217 512 justus
239 455 320 491 osse:
344 437 455 492 aliaest
470 436 527 502 illa,
543 454 608 492 cum
623 437 725 492 veritas
740 438 806 512 ipsa
818 436 939 491 limatur*

66 518 96 573 in
131 516 330 591 disputatione,
350 516 508 582 subtilitas;
538 515 603 581 alia,
625 533 690 571 oum
718 515 755 571 ad
782 514 941 591 opinionem

67 614 248 652 communem
274 596 368 650 omnis
396 594 624 651 accommodatur
650 594 750 651 oratio.
806 592 942 659 Quamob-

66 693 137 740 rem,
152 684 183 730 ut
207 674 319 747 vulgus,
337 674 377 729 ita
402 693 454 731 nos
481 675 535 729 hoo
559 675 623 730 loco
643 674 799 744 loquimur,
819 684 854 730 ut
879 672 943 729 aliur

67 754 164 820 sortes,
181 753 251 810 alius
267 755 357 809 bonos
373 753 458 819 viros,
475 753 545 809 alios
562 752 714 828 prudentes
730 770 796 808 esse
811 752 943 809 dicamus.

67 833 256 908 Popularibus
271 832 346 888 anim
367 833 460 889 verbis
476 842 519 887 est
539 831 689 907 agendum,
705 840 734 887 et
747 832 872 897 usitatis,
887 848 944 887 eum

67 912 210 983 loquimur
224 912 257 968 de
273 911 408 985 opinione
422 911 562 986 populari,
571 910 657 983 idque
670 910 772 967 eodem
787 910 875 968 modo
886 908 945 966 ferit

68 992 221 1049 Panaetius.
265 990 323 1046 Sed
338 991 372 1047 ad
387 991 564 1066 propositum
579 999 761 1046 revertamur.

107 1071 179 1126 Erat
200 1068 284 1145 igitur
305 1088 341 1125 ex
367 1071 466 1135 tribus,
483 1088 545 1140 quae
567 1069 601 1125 ad
622 1069 740 1144 gloriam
766 1068 946 1143 pertinerent,

68 1150 123 1205 hoo
139 1150 260 1214 tertium,
276 1159 307 1204 ut
320 1168 383 1205 cnm
406 1148 590 1205 admiratione
612 1148 771 1214 hominum,
786 1149 896 1205 honore
917 1147 948 1204 ab

69 1229 104 1284 iis
120 1228 197 1302 digni
215 1227 418 1303 judicaremur.
460 1227 642 1284 Admirantur
656 1228 742 1303 igitur
762 1227 949 1284 communiter

69 1307 111 1363 illi
136 1306 252 1378 quidem
273 1309 378 1373 omnia,
395 1326 457 1378 quau
480 1326 591 1381 magna,
610 1317 638 1362 et
658 1317 760 1381 praeter
786 1306 950 1381 opinionem

69 1404 149 1443 suam
176 1386 448 1442 animadverterunt:
473 1386 623 1460 separatim
645 1396 738 1441 autern
762 1385 791 1441 in
820 1385 950 1461 singulis,

70 1466 96 1521 si
117 1467 294 1540 perspiciunt
314 1484 366 1521 neo
387 1466 501 1540 opinata
515 1464 643 1535 quadarn
659 1466 742 1521 bona.
785 1464 886 1535 ltaque
903 1480 951 1521 eut

70 1545 145 1601 viros
161 1545 331 1619 suspiciunt,
348 1546 537 1615 maximisque
549 1543 671 1599 efferunt
690 1543 834 1609 laudibus,
849 1544 879 1600 in
894 1542 952 1615 qui·

70 1624 122 1680 bus
148 1626 312 1680 existimant
333 1643 364 1680 se
385 1624 557 1680 excellentes
578 1622 725 1695 quasdam,
740 1632 770 1679 et
793 1622 952 1698 singulares

71 1705 232 1778 perspicere
254 1704 388 1759 virtutes:
412 1702 572 1777 despiciunt
593 1713 685 1758 autern
707 1720 757 1757 eos
779 1713 809 1757 et
829 1711 953 1759 contem·

72 1794 151 1847 nunt,
168 1784 196 1838 in
218 1783 320 1852 quibus
341 1783 412 1839 nihil
427 1783 546 1845 virtutis,
562 1781 632 1837 nihil
648 1781 745 1845 animi,
759 1780 832 1837 nihil
854 1798 952 1837 nervo·

71 1880 133 1917 rum
160 1872 267 1935 putant.
311 1862 377 1918 Non
403 1862 479 1917 enim
505 1879 605 1916 omnes
628 1879 677 1916 eos
701 1868 898 1927 contemnunt,
919 1858 951 1917 de

71 1940 174 2011 quibus
196 1941 268 1995 male
290 1942 462 1996 existimant.
505 1940 581 1995 Nam
602 1958 674 2010 quos
695 1940 854 2012 improbos,
869 1938 951 1995 male·

72 2018 161 2083 dicos,
183 2017 373 2075 fraudulentos
397 2029 504 2094 putant,
526 2029 554 2074 et
579 2017 614 2073 ad
635 2017 793 2074 faciendam
820 2018 951 2093 injuriam

73 2099 233 2164 instructos,
250 2116 299 2153 eos
321 2109 505 2154 contemnunt
525 2097 639 2169 quidem
662 2097 838 2168 neutiquam,
854 2096 906 2154 sed
919 2096 951 2153 de

72 2176 117 2233 his
140 2177 213 2232 male
231 2177 404 2232 existimant.
447 2177 648 2241 Quamobrem,
662 2186 693 2231 ut
715 2187 778 2231 ante
800 2176 874 2243 dixi,
889 2194 951 2233 ouu-

73 2267 234 2312 temnuntur
247 2257 275 2322 ii,
287 2257 336 2326 qui
352 2266 371 2290 “
382 2275 435 2312 neo
450 2257 514 2322 sibi,
525 2275 577 2312 nec
592 2254 719 2320 alteri‚”†
733 2265 764 2310 ut
779 2254 880 2312 dicitur
894 2274 903 2322 ς
924 2256 950 2313 iu

72 2335 174 2407 quibus
190 2336 282 2391 nullus
297 2336 384 2401 labor,
400 2336 477 2390 nulla
491 2335 637 2397 industria,
653 2335 730 2391 nulla
744 2353 812 2389 cura
826 2345 882 2393 est.

111 2414 304 2471 Admiratione
320 2426 412 2469 autem
429 2414 603 2487 alliciunturig
627 2414 657 2478 ii,
671 2414 718 2484 qni
731 2415 838 2469 anteire
853 2414 950 2471 esteris

72 2494 172 2550 virtute
196 2506 338 2568 putantur,
357 2504 385 2548 et
412 2512 475 2549 oum
499 2495 578 2549 omni
600 2512 694 2549 carere
720 2491 871 2559 dedecore,
895 2504 948 2549 tum

72 2593 138 2630 vero
152 2575 187 2630 iis
203 2573 289 2638 viriis,
306 2572 407 2643 quibus
424 2572 470 2627 alii
486 2592 543 2628 non
564 2572 646 2628 facile
661 2582 782 2644 possunt
803 2573 949 2629 obsistere.

72 2653 100 2709 N
104 2673 147 2709 arn
161 2665 189 2709 et
203 2655 371 2728 voluptates,
381 2651 572 2707 blandissimae
583 2651 715 2714 domina,
726 2656 851 2726 majores
861 2662 950 2726 partes

104 2850 117 2877 *
128 2846 249 2890 limatur.
284 2844 342 2889 This
354 2842 504 2898 metaphoris
516 2844 585 2904 latren
595 2843 653 2886 from
662 2840 771 2902 thetrial,
783 2840 824 2883 tha
836 2839 949 2937 ροῐίεὴίἓὸ

71 2898 99 2941 of
112 2901 201 2942 meerls.
215 2899 244 2952 by
257 2911 340 2942 means
352 2898 380 2940 of
393 2911 407 2940 a
419 2898 464 2940 tile.
499 2898 514 2920 ‘⁴
523 2899 590 2941 era
602 2895 750 2951 superficiem
762 2894 844 2948 aufert,
855 2898 880 2939 et
890 2906 922 2949 qu

70 2950 149 2994 subter
159 2951 250 3002 latebat,
262 2951 374 3003 detegit?
408 2949 541 2994 Faceiolati.

103 3004 283 3056 hire-(illesi.
317 3005 368 3048 Tho
387 3004 468 3057 ellipse
487 3003 507 3044 is
524 3002 585 3046 filled
597 3015 631 3056 up
647 3000 672 3043 in
688 2999 777 3042 several
794 2999 891 3043 ancient
906 2996 951 3043 edi·

71 3056 581 3111 tlons,thougl1unneccssarily,byprorunt.
605 3053 730 3099 Fueciolati
737 3058 848 3108 suggests
855 3053 948 3104 vatem,-

72 3109 146 3150 whieh
159 3110 237 3152 would
250 3111 338 3153 extend
350 3114 374 3152 to
385 3110 440 3152 both
452 3109 512 3163 good
522 3108 570 3151 and
582 3108 613 3151 ill.

97 3162 481 3222 tAslraz'rulrbne—mfficiuniur:
502 3162 591 3207 ultrast
604 3159 758 3205 admiration.
