2054 3946
356 487 424 533 uta.
442 487 463 532 1.
497 486 575 532 cir.
592 486 680 532 xxti.
917 492 955 547 69

110 597 278 657 Miserrima
289 597 408 655 omnino
423 597 539 654 ambitio
560 606 605 652 est
624 596 824 667 honorumque
840 605 958 652 conten·

69 683 152 736 troz*
174 675 211 734 de
233 695 295 749 quae
317 677 451 754 preclare
472 675 548 752 apud
562 675 695 732 eumdem
717 685 761 731 est
781 675 958 737 Platonem.†

69 757 206 816 similiter
220 757 311 814 lacere
326 774 387 822 eos,
403 757 453 828 qui
466 756 539 813 inter
552 774 582 811 se
598 754 811 820 contenderent,
829 765 890 811 uter
907 773 958 830 po-

70 839 129 894 tius
150 836 356 912 rempublicam
376 835 594 901 administraret,
610 845 642 892 ut
655 835 681 891 ai
695 845 786 890 nautae
807 844 957 900 certarent,

70 918 139 990 quis
160 935 260 973 eorum
280 916 464 991 potissimum
486 916 664 991 gubernaret.
705 913 843 986 Idemque
860 914 958 989 praeci-

71 997 143 1072 pict
164 1006 196 1053 ut
215 1013 266 1052 eoe
287 994 463 1051 adversarios
478 995 687 1059 existimemus,
702 993 753 1065 qui
770 1012 847 1050 arma
860 1007 959 1050 contra

72 1076 185 1143 sorant3
211 1093 268 1132 non
288 1093 351 1140 eos,
375 1075 498 1146 quisue
526 1074 637 1151 judicio
662 1074 733 1129 tueri
754 1073 957 1147 rempublicam

72 1156 184 1212 velint:
206 1153 298 1226 qualia
313 1152 366 1210 suit
379 1154 453 1211 inter
467 1154 502 1210 P.
516 1154 690 1219 Africanum,
700 1162 730 1208 et
740 1153 778 1218 Q.
790 1152 958 1227 Metellum§

73 1235 137 1292 sine
152 1235 303 1291 acerbitate
319 1233 471 1289 dissensio.

114 1314 144 1371 N
146 1333 181 1370 eo
194 1332 262 1370 vero
275 1312 421 1378 audiendi,
433 1312 558 1388 graviter
575 1312 623 1384 qui
639 1309 764 1368 inimicis
779 1310 958 1368 irascendum

74 1395 223 1468 putabunt,
244 1391 330 1463 idque
351 1393 526 1468 magnanimi
546 1402 575 1448 et
595 1392 675 1448 fortis
697 1391 749 1448 viri
771 1410 835 1448 esse
862 1410 960 1448 oense·

74 1473 155 1530 bunt.
198 1472 282 1529 Nihil
296 1472 372 1528 enim
387 1471 568 1537 laudabilius,
578 1471 650 1528 nihil
665 1490 767 1546 magno
780 1482 809 1527 et
824 1471 959 1546 praeclaro

74 1553 137 1610 viro
151 1550 267 1628 dignius
289 1552 478 1626 placabilitate
498 1563 582 1624 atque
604 1551 765 1607 clementia.
807 1551 840 1607 ln
862 1551 959 1607 liberis

74 1650 144 1689 vero
159 1631 285 1708 papalia,
300 1641 330 1688 et
349 1631 378 1688 in
395 1631 470 1705 juris
490 1631 680 1704 aequabilitate
701 1630 860 1686 exercenda
874 1631 959 1686 etiam

73 1722 120 1769 est
147 1712 278 1778 facilitas,
299 1722 327 1768 et
354 1710 471 1767 altitudo
500 1711 683 1782 animique·
710 1710 829 1766 dicitur:
865 1711 958 1774 ne‚ei

75 1792 233 1848 irascamur
246 1801 294 1848 aut
307 1791 507 1866 intempestive
521 1789 732 1851 accedentibus,
747 1798 795 1844 aut
811 1788 960 1862 impuden-

74 1880 120 1928 ter
139 1872 315 1948 rogantibus,
336 1871 366 1926 in
395 1870 590 1926 morositatem
617 1868 760 1937 inutilemll
781 1879 809 1924 et
830 1867 960 1925 odiosam

75 1949 248 2008 incidamus.
290 1951 330 2008 Et
351 1959 445 2006 tamen
471 1950 509 2006 ita
534 1948 678 2024 probanda
702 1958 746 2003 est
772 1947 959 2004 mansuetudo

74 2042 162 2102 atque
188 2031 347 2096 clementia,
370 2039 400 2085 ut
424 2028 590 2085 adhibeatur
616 2027 779 2102 reipublicae
806 2045 891 2083 causa
917 2045 960 2083 se-

76 2110 193 2176 veritas,
204 2111 266 2167 sinc
280 2129 337 2182 qua
350 2107 542 2165 administrari
556 2108 655 2164 civitas
671 2125 728 2163 nou
744 2119 847 2182 potest.
891 2107 960 2165 Om-

76 2190 123 2248 nis
149 2201 243 2246 autem
266 2199 294 2246 et
314 2187 534 2253 animadversio,
558 2199 587 2243 et
614 2188 761 2262 castigatio
788 2189 961 2244 contumelia

77 2288 178 2326 vacare
199 2269 299 2325 debet:
325 2286 419 2340 neque
441 2267 475 2324 ad
497 2268 569 2343 ejus,
592 2267 641 2338 qui
664 2267 800 2341 punituril
825 2269 959 2340 aliquem,

75 2359 126 2405 aut
150 2349 244 2404 verbis
270 2348 412 2424 fatigati*
435 2346 487 2404 sed
507 2346 543 2403 ad
562 2347 725 2422 reipublicae
748 2348 897 2404 utilitatem
918 2367 960 2404 re·

78 2427 154 2484 ferri.

118 2504 287 2563 Cavendum
309 2517 353 2563 est
370 2507 469 2572 etiam,
485 2525 520 2562 ne
543 2505 633 2581 major
655 2525 749 2580 poma,
772 2525 856 2577 quam
876 2505 961 2580 culpa

76 2585 135 2642 sit:
159 2595 188 2641 et
209 2605 244 2641 ne
265 2585 367 2642 iisdem
382 2585 526 2642 decausis
546 2585 593 2642 alii
614 2585 782 2660 plectantur,
799 2587 846 2642 alii
860 2604 895 2642 ne
912 2603 960 2659 ap·

78 2665 222 2742 pellunter
236 2665 362 2736 quidem.
404 2663 587 2723 Prohibenda
601 2676 694 2721 autem
710 2666 835 2721 maxime
855 2674 900 2721 est
919 2665 961 2720 ira

109 2809 124 2836 ‘³
136 2805 308 2859 Hernicumque
318 2804 443 2850 contentio.
477 2806 565 2850 “Nove
575 2805 641 2858 dixit,
654 2806 826 2851 contentionem.
840 2805 954 2850 bonorum

75 2858 263 2903 contentionem
283 2863 418 2913 susceptam
436 2859 554 2902 honorum
573 2859 653 2913 gratia.
687 2862 750 2905 Nam
773 2860 875 2902 bonores
894 2865 961 2904 vocat

76 2911 256 2965 maistratus.”
290 2913 381 2955 Erasrn.

110 2925 132 3020 p<
141 2963 273 3008 Plaimem.
301 2964 327 3008 L.
339 2964 410 3008 vido
422 2964 523 3020 Republ.

110 3017 367 3081 ildemqttepraeeipil.
397 3020 424 3063 L.
434 3019 521 3062 viand
533 3017 602 3062 inde
612 3019 647 3064 Re
665 3017 713 3063 ubl.
872 3070 877 3079 ι

101 3071 126 3134 ,ξ
141 3071 171 3114 Ρ.
190 3069 344 3166 Apicianum,
364 3072 394 3133 et.
411 3071 437 3124 Q.
458 3073 589 3117 Metellum.
607 3074 643 3116 ’Τ
662 3086 675 3116 e
695 3082 803 3133 younger
827 3070 961 3125 Africanus,

75 3125 135 3169 with
148 3125 212 3168 Mete
222 3124 259 3167 lus
270 3125 446 3168 Macedonicus.
480 3125 532 3168 The
544 3125 612 3169 latter
624 3138 674 3169 was
684 3130 752 3168 twice
763 3136 875 3178 princeps
893 3138 962 3168 senn-

75 3185 131 3223 tus:
149 3177 187 3240 bis
195 3176 287 3238 funeral
299 3190 349 3220 was
360 3178 470 3221 attended
481 3178 513 3232 by
523 3179 576 3222 four
586 3190 650 3234 sona,
661 3179 693 3222 all
702 3178 729 3222 of
740 3178 851 3221 consular
862 3178 963 3236 dignity.

77 3232 185 3276 Velleius
198 3232 246 3274 Pat.
259 3243 273 3274 r.
285 3233 320 3275 il.
353 3231 404 3275 Vel.
414 3233 480 3276 Max.
493 3232 523 3275 iv.
538 3235 558 3276 i.
570 3234 605 3276 12.

111 3285 121 3337 l
139 3285 268 3328 utorium.-
284 3283 436 3340 prejudieinl,
448 3285 608 3330 mvucttevoos.

112 3338 129 3391 1
144 3337 258 3381 Ponitur.
293 3337 352 3381 This
362 3337 424 3391 verb,
437 3339 484 3381 and
496 3351 510 3381 a
521 3339 566 3381 few
578 3339 667 3391 others3
685 3349 711 3389 aa
722 3336 822 3392 fubrioo,
835 3337 881 3381 und
887 3339 963 3395 sobri·

76 3405 137 3443 eor,-
156 3390 220 3453 beidi,
240 3390 287 3434 aud
306 3391 395 3452 bellcr,¹
409 3390 516 3446 objurgo,
536 3391 584 3435 and
603 3392 733 3447 objurgo,
753 3391 812 3436 ltere
833 3403 866 3436 an
888 3393 962 3441 active

76 3457 149 3491 serrae
162 3455 186 3486 ur
199 3444 237 3486 the
267 3456 342 3488 assiae
354 3445 421 3496 form,
434 3457 460 3487 as
469 3445 523 3488 well
534 3457 560 3488 as
571 3445 653 3489 active.

112 3501 142 3531 ⁴*
157 3497 238 3542 Verbit
258 3497 354 3552 nimai:
371 3498 520 3556 reprehende
