2054 3946
79 191 116 242 43
391 181 440 226 DE
466 179 652 226 OFFICIIS.

79 292 221 348 tissimum
243 289 386 365 opitulari.
428 289 512 355 Quod
534 300 632 346 contra
651 289 684 345 fit
704 308 720 344 a
739 288 895 364 plerisque.
936 289 957 349 Δ

80 390 137 442 quo
152 372 227 426 euim
243 371 397 445 plurimum
412 380 536 445 sperant,
547 369 659 425 etiamsi
672 369 697 425 is
709 387 767 425 non
781 379 856 445 eget,
867 378 959 427 tame!

81 452 107 506 ci
122 451 304 527 potissimum
319 448 486 509 inserviunt.

82 578 172 634 CAP.
186 576 268 634 XVI.
295 574 366 644 Qua·
388 575 449 632 ciat
469 574 620 633 societatis
640 574 779 632 humanae
798 573 960 655 principio.

253 654 477 732 cumprimum
492 654 614 713 societur
625 654 793 732 praemiat.

122 765 240 822 Orrmn
256 775 348 843 autem
363 764 484 821 societas
498 764 647 821 hominum
662 764 885 840 conjunctioque
906 782 961 821 ser·

82 845 201 912 vabitur,
217 845 252 911 si,
267 854 299 900 ut
314 845 434 914 quisque
448 844 501 900 erit
521 845 784 919 conjunctissimus,
800 845 839 900 ita
853 845 882 900 in
897 862 962 901 eum

82 925 264 999 benignitatis
292 923 445 998 plurimum
474 924 645 980 conseretur.
688 922 748 980 Sed
774 942 837 996 quae
864 932 962 980 natura

83 1003 223 1078 principia
235 1004 292 1059 sint
307 1003 517 1059 communitatis
527 1014 556 1059 et
567 1003 711 1060 societatis
725 1002 867 1068 humanae,
884 1020 964 1079 repe·

84 1082 199 1139 tendum
216 1081 326 1138 videtur
341 1082 435 1138 altius.
477 1083 615 1139 Estenim
632 1083 767 1158 primum,
783 1082 859 1153 quod
875 1082 964 1139 cerni·

85 1174 128 1218 tur
149 1162 178 1218 in
199 1162 325 1218 universi
346 1161 458 1236 generis
480 1161 595 1217 humani
617 1162 762 1228 socictate,
784 1162 848 1238 ejus
870 1173 962 1219 autent

85 1241 230 1297 vinculum
245 1251 299 1306 cst,
313 1242 384 1296 ratio
399 1250 427 1296 et
441 1241 551 1308 orati03
574 1260 636 1312 quae
659 1240 798 1307 docendo,
814 1240 963 1307 discendo,

85 1319 333 1386 communicando,
348 1319 562 1395 disceptanda*
574 1320 730 1396 judicando
745 1321 880 1377 conciliat
893 1320 962 1377 inter

85 1419 117 1456 se
143 1399 285 1467 homineS,
310 1400 513 1475 conjungitque
534 1400 654 1456 naturali
674 1399 795 1472 quadam
818 1400 963 1457 societate.

87 1480 189 1551 Neque
212 1480 269 1536 ulla
289 1498 319 1536 re
340 1478 453 1554 longius
474 1480 609 1535 absumus
631 1499 648 1534 a
668 1490 766 1536 natura
786 1479 921 1545 ferarum,
936 1478 964 1537 in

86 1560 199 1631 quibus
215 1560 310 1615 inesse
325 1557 518 1614 fortitudinem
533 1576 609 1634 saepe
627 1557 760 1626 dicimus,
775 1568 807 1615 ut
820 1559 850 1615 in
872 1559 964 1631 equis,

85 1639 116 1696 in
129 1640 279 1705 leonibus;
297 1638 449 1713 justitiam,
465 1639 635 1708 aequitatem,
647 1639 803 1695 bonitatem
824 1657 883 1695 nou
899 1638 966 1696 dici·

86 1737 160 1775 mue.
203 1719 277 1774 Sunt
291 1718 366 1773 enim
381 1717 498 1773 rationis
514 1728 542 1773 ct
555 1718 690 1774 orationis
705 1728 849 1793 expertes.

126 1799 169 1854 Ac
182 1797 320 1853 latissime
342 1796 456 1867 quidem
478 1807 578 1871 patens
600 1797 764 1853 hominibus
784 1797 859 1854 inter
875 1796 965 1872 ipsos,

87 1878 219 1933 omnibus
232 1878 304 1932 inter
313 1894 423 1941 omnes,
437 1877 557 1932 societas
569 1876 630 1932 haec
639 1887 700 1942 cst3
722 1877 752 1933 in
767 1894 824 1947 qua
837 1876 965 1934 omnium

87 1974 191 2022 rerum,
217 1974 286 2026 quas
313 1953 345 2009 ad
370 1974 551 2012 communem
579 1956 728 2012 hominum
756 1974 840 2012 usum
869 1970 966 2013 natura

88 2036 195 2110 genuit,
212 2043 255 2090 est
276 2033 412 2089 servanda
433 2035 632 2091 communitas.
675 2035 724 2102 Ut,
741 2053 804 2106 quae
825 2034 966 2112 descripta

88 2126 154 2171 sunt
167 2115 278 2188 legibus
293 2123 321 2168 et
336 2113 400 2188 jure
413 2114 500 2180 civili,
514 2115 575 2170 haec
587 2115 626 2170 ita
640 2123 797 2180 teneantur,
809 2124 841 2171 ut
855 2115 894 2170 sit
902 2132 965 2171 con·

88 2195 237 2260 stitutum
260 2212 275 2249 e
291 2193 392 2264 quibus
408 2193 479 2268 ipsis
492 2205 585 2250 cetera
601 2194 644 2250 sic
663 2193 875 2262 observentur,†
896 2203 928 2251 ut
938 2193 966 2251 iu

406 2320 559 2365 CHAPTER
578 2321 645 2364 XVI.

122 2390 310 2446 *menecratem
344 2391 382 2446 By
393 2390 512 2444 debatiug.

119 2449 136 2500 †
152 2445 190 2497 Ut,
201 2444 446 2499 qaam-observentur.
480 2444 533 2487 The
544 2444 704 2489 construction
719 2445 746 2488 of
759 2443 806 2488 this
822 2443 969 2489 sentcnccic

87 2499 193 2561 obscure.
228 2497 280 2558 The
298 2497 444 2550 lleusingers
462 2495 522 2540 have
541 2498 678 2560 introduced
690 2512 704 2541 a
716 2498 784 2560 colon
802 2499 861 2542 atter
879 2498 970 2552 ortibus

87 2550 970 2665 {tutirettudit&studitumaduttumtitteris

88 2659 124 2703 cal
135 2662 303 2703 construction.
337 2656 425 2718 Brslrop
438 2658 522 2718 Peurce
533 2658 608 2710 reads,
619 2659 647 2702 u!
656 2659 691 2702 est
702 2615 862 2718 concamium
881 2658 970 2703 ciem

88 2712 153 2768 tpsu.
188 2713 314 2759 Heumam
330 2710 401 2754 utsrt
411 2710 568 2754 oratiototam
579 2711 742 2766 ugtuusipsts.
776 2711 860 2755 Erther
871 2710 900 2754 of
907 2710 970 2755 meac

89 2764 255 2809 smendmcnts
267 2762 346 2823 would
362 2762 447 2806 render
463 2761 502 2806 thc
520 2776 620 2823 passage
637 2776 702 2808 more
717 2765 786 2816 clear,
796 2764 818 2808 if
831 2764 898 2808 there
909 2774 971 2809 were

88 2818 206 2862 sufficient
223 2816 340 2870 authority
354 2816 390 2859 for
407 2818 429 2865 it.
443 2815 484 2859 but
501 2817 545 2859 still
558 2829 573 2859 a
584 2817 656 2861 doubt
672 2817 752 2860 would
770 2818 862 2861 romain
873 2822 898 2860 to
909 2816 973 2863 wirnt

89 2871 250 2917 macrescis.
284 2869 337 2913 The
357 2869 470 2924 meaning
489 2871 517 2912 ot
530 2869 569 2913 the
587 2874 699 2932 sentence
714 2882 745 2925 ap
763 2883 814 2914 ears
828 2874 854 2914 to
871 2869 972 2931 be-BQ

88 2925 174 2969 nature
186 2925 222 2968 ull
233 2923 316 2985 things
328 2934 370 2966 ure
382 2933 488 2966 common
499 2938 508 2965 .·
519 2922 582 2967 those
593 2923 667 2968 wicco
675 2923 733 2967 hace
744 2884 800 2967 geere
810 2922 966 2979 appropriato

90 2978 119 3032 by
129 2977 165 3022 me
183 2976 319 3031 miraeum
331 2977 379 3020 loro
390 2976 457 3018 new-⁴
468 2976 494 3018 bc
504 2977 622 3029 gmcmed
640 2976 667 3032 by
678 2977 709 3021 da
719 2978 802 3028 melem·
823 2978 867 3022 but
878 2987 936 3022 even

89 3043 135 3075 our
151 3042 193 3075 use
213 3029 242 3085 of
254 3031 323 3081 these,
343 3040 388 3074 ουν
396 3028 492 3084 friends
507 3028 593 3073 should
613 3030 637 3072 bc
652 3031 768 3075 odniided
787 3031 810 3075 to
827 3029 935 3092 patriciu

81 3085 156 3126 Some
174 3085 244 3127 MSS.
262 3083 479 3128 inveterantur:
497 3081 575 3125 others
595 3082 654 3126 omit
671 3082 709 3127 the
723 3083 867 3137 conctudmg
884 3094 932 3129 onst

72 3134 207 3178 Facciomu'
218 3148 339 3192 proposes
352 3137 391 3182 the
404 3136 522 3181 omission
533 3136 558 3180 oi
574 3135 682 3191 equibus
693 3136 761 3191 tntis.
789 3139 840 3180 taut
848 3137 869 3180 it
878 3136 900 3181 in
911 3140 929 3181 tr

11 3238 14 3245 Ι
62 3183 150 3231 tested
161 3188 217 3234 urar
229 3202 300 3236 more
313 3192 374 3237 than
387 3205 436 3238 one
450 3204 514 3239 orror
526 3192 602 3237 existo
612 3191 642 3236 in
650 3190 692 3234 me
702 3188 870 3244 transeudum
