2054 3946
327 471 400 518 lla.
416 470 469 516 111.
501 471 579 518 CAl’.
597 472 693 519 xxlr.
896 480 955 536 218

64 601 131 674 sirm
155 599 222 639 esse
243 579 336 650 debet,
357 582 430 640 nihil
449 600 515 640 esse
530 582 609 650 utile,
625 581 700 655 quod
723 600 781 639 non
801 581 953 643 honestum

64 672 116 719 sit.

65 789 162 848 OAP.
184 789 283 847 XXII.
332 787 419 847 Varie
446 788 592 867 diy'udicut
618 787 751 866 exempla
780 788 891 856 Cicero,
921 798 954 848 ut

103 876 209 1007 {ml
222 869 274 945 qui
287 868 357 927 boni
371 869 430 926 viri
447 877 550 947 parter
564 868 752 945 expleverint,
767 877 821 928 aut
834 869 953 947 neglex-

109 1060 301 1125 Quinquies
316 1058 346 1117 id
360 1056 487 1131 quidem,
500 1077 566 1117 cum
587 1077 662 1135 saepe
678 1059 758 1128 alias,
772 1070 831 1118 turn
846 1061 952 1136 Pyrrhi

69 1137 144 1196 bello
158 1159 177 1196 a
191 1138 228 1196 C.
242 1139 383 1206 Fabricio,
398 1139 516 1196 consule
537 1139 649 1205 iterum,
663 1148 722 1194 eta
740 1151 839 1196 senatu
855 1151 952 1197 nostro

70 1216 232 1294 judicatum
253 1228 305 1274 est.
347 1217 424 1275 Cum
445 1218 523 1275 enim
543 1237 594 1275 rex
616 1218 745 1294 Pyrrhus
767 1220 873 1295 populo
895 1220 953 1278 Ro·

70 1314 155 1355 mano
169 1297 275 1355 bellum
290 1296 363 1355 ultro
384 1298 552 1364 intulisset,†
565 1316 687 1369 cumque
701 1297 737 1354 de
756 1299 875 1374 imperio
893 1319 952 1357 cer-

70 1386 164 1434 tamen
180 1386 256 1434 esset
267 1395 332 1434 cum
346 1395 411 1452 rege
426 1395 564 1452 generoso
579 1396 612 1434 ac
625 1387 758 1451 potente;
774 1377 906 1454 perfugass
917 1381 952 1437 ab

69 1474 104 1513 eo
119 1456 240 1513 venitin
254 1465 346 1513 castra
367 1456 501 1523 Fabricii,
517 1456 600 1528 eique
616 1466 660 1512 est
673 1457 827 1532 pollicitus,
843 1459 867 1513 si
882 1478 952 1534 prae·

70 1534 159 1593 urium
173 1536 230 1592 sibi
250 1536 404 1611 posuisset,
419 1554 462 1602 se,
477 1546 509 1592 ut
527 1537 602 1592 clam
616 1537 752 1602 venisset,
768 1537 810 1592 sic
830 1537 903 1594 clam
922 1538 951 1595 in

68 1612 176 1691 Pyrrhi
198 1626 290 1672 castra
317 1613 482 1682 rediturum,
505 1625 534 1671 et
555 1634 620 1672 eum
643 1633 753 1671 veneno
775 1627 949 1673 necaturum.

67 1694 158 1755 Hunc
179 1694 327 1756 Fabricius
348 1693 539 1751 reducendum
553 1695 662 1752 curavit
676 1692 711 1750 ad
725 1694 868 1769 Pyrrhum
880 1714 888 1760 3
911 1695 951 1752 id·

65 1794 123 1848 que
138 1775 202 1852 ejus
217 1774 322 1832 sactum
343 1773 485 1830 laudatum
500 1786 630 1830 asenatu
651 1784 704 1830 est.
746 1774 834 1845 Atqui
848 1774 873 1829 si
888 1793 952 1850 spe·

64 1855 142 1913 ciem
158 1854 285 1911 utilitatis
300 1854 524 1930 opinionemque
545 1854 709 1926 querimus,
726 1871 860 1927 magnum
881 1853 952 1910 illud

65 1933 175 1991 bellum
197 1931 315 2009 perfuga
338 1951 421 2000 unus,
437 1944 465 1990 et
485 1951 599 2008 gravem
623 1931 813 1988 adversarium
838 1933 950 2008 imperii

63 2013 248 2070 sustulisset:
265 2011 316 2068 sed
328 2031 462 2086 magnum
472 2011 595 2069 dedecus
605 2022 634 2068 et
645 2012 810 2086 flagitium,§
825 2013 950 2083 quicum

64 2091 159 2150 laudis
181 2101 324 2148 certamen
344 2091 455 2159 suisset,
477 2110 542 2149 euru
565 2109 622 2148 non
643 2092 755 2158 virtute,
770 2091 823 2147 sed
844 2093 950 2149 scelere

64 2181 242 2247 superatum.

106 2250 210 2309 Utrum
234 2251 321 2325 igitur
341 2250 438 2306 utilius
460 2250 506 2306 vel
526 2250 667 2315 Fabricio,
690 2250 739 2322 qui
760 2250 824 2306 talis
847 2250 876 2306 in
897 2250 950 2309 hae

65 2331 146 2397 urbe,
162 2330 254 2402 qualis
269 2329 409 2386 Aristides
424 2329 544 2386 Athenis
566 2329 628 2394 suit,
644 2329 689 2385 vel
710 2331 820 2386 senatui
841 2341 948 2397 nostro,

64 2411 116 2483 qui
144 2414 304 2482 nunquamll
331 2409 480 2466 utilitatem
502 2429 518 2464 a
538 2407 674 2484 dignitate
701 2410 837 2485 sejunxit,
864 2411 949 2467 armis

385 2550 538 2594 CHAPTER
556 2550 638 2596 XXII.

97 2628 111 2658 t
126 2620 288 2675 Quamquam.
322 2619 382 2664 This
392 2620 462 2663 refers
473 2624 497 2662 to
509 2629 560 2673 qttae
570 2619 678 2663 nruxime
689 2618 807 2673 videntur,
819 2618 843 2663 in
856 2619 896 2663 the
906 2619 950 2664 last

82 2673 194 2728 receding
206 2679 324 2717 sentence.
358 2674 395 2727 By
407 2683 469 2717 rorte
480 2683 586 2727 perraras,
599 2672 782 2735 dishonourutte
796 2671 878 2726 nly‘ecte
894 2672 950 2735 hune

66 2727 239 2835 dindimi
252 2725 949 2843 trrttbfttrbbrrtrtlttlrtthtlldttt

64 2832 532 2939 gnyfssbbamissff⁸ggdetmwm
546 2831 587 2876 tar
600 2831 655 2875 been
659 2830 757 2886 formed
768 2831 795 2886 by
807 2843 853 2876 our
861 2833 949 2884 renate,

96 2932 194 3038 iiim
203 2939 329 2984 intulisset.
366 2936 751 3035 Ψῖἶιὶἑοιιίιιωςιῇεονρὲοέοωὶὼη.
886 2989 935 3032 ΗΥ

63 2993 381 3091 ‹tntd‘rf‘altdtff
408 3003 611 3089 vnbldfllr‘ss
654 3002 693 3044 ⁹¹¹
709 3002 746 3044 ‘¹⁸’
764 3001 791 3033 ⁰‘
807 3001 885 3033 ⁰⁰³⁰
930 3001 948 3033 ¹⁸

97 3099 267 3206 {amittam
297 3098 561 3197 Kussdeb'hhbbrbtdmi
575 3149 662 3194 tended
678 3148 729 3193 rnre
745 3148 785 3192 the
801 3149 906 3196 conduct
917 3150 945 3192 os

150 3163 263 3206 nquam.
320 3165 354 3196 sr
395 3164 411 3195 a
533 3164 573 3206 pe

63 3207 111 3251 this
129 3206 192 3302 body
204 3218 255 3249 was
272 3206 361 3260 always
378 3204 550 3258 distinguished
569 3204 599 3259 by
610 3202 701 3247 astrici
718 3202 848 3246 adherence
866 3207 890 3245 to
908 3201 947 3246 tbe

64 3261 129 3304 rulos
142 3260 169 3303 ot
195 3271 276 3310 onour,
289 3260 337 3302 and
349 3271 375 3302 ss
387 3258 506 3301 instances
518 3257 545 3301 os
558 3256 617 3301 their
627 3256 762 3300 dereliction
774 3255 802 3299 ot
809 3255 875 3316 these
885 3255 948 3316 rules

62 3327 103 3358 are
115 3326 142 3357 so
155 3312 244 3367 spcedil
273 3318 297 3355 to
315 3312 342 3354 be
355 3311 468 3359 adduoed.
482 3310 570 3365 Bishop
580 3313 665 3354 Pesroe
682 3321 724 3364 pro
743 3309 798 3352 used
813 3309 946 3362 modrtyrnr

63 3368 103 3411 the
116 3366 231 3410 assertion
245 3324 278 3420 by
291 3364 449 3417 introducing,
462 3364 535 3408 tum:
550 3364 600 3407 that
612 3364 630 3406 it
641 3375 691 3406 was
709 3376 723 3407 a
755 3367 781 3406 ut
791 3362 831 3406 the
848 3361 944 3405 timeus

65 3421 130 3473 King
143 3419 253 3474 Pyrrhus,
265 3418 304 3462 the
317 3421 410 3463 Roman
427 3421 508 3460 senate
521 3417 566 3459 had
584 3428 650 3460 some
668 3416 750 3471 regard
761 3421 785 3460 to
796 3416 861 3460 these
878 3414 947 3459 rules.

64 3473 124 3519 This
135 3472 259 3518 alteration
271 3472 327 3516 does
338 3476 381 3516 not
392 3482 482 3527 appear
492 3482 631 3526 necessary:
648 3468 688 3516 the
697 3468 854 3527 compriment
865 3472 889 3515 to
900 3467 948 3515 this
