2054 3946
440 524 515 570 cnr.
541 524 577 569 rr.
893 527 951 583 263

68 630 180 689 amicitia,
192 631 300 681 habitum
312 632 342 680 ab
354 631 394 682 illo
411 649 501 691 seeum,
512 640 536 681 et
547 649 603 682 cum
617 633 689 681 altero
702 646 796 694 genero,
809 629 839 680 C.
848 630 952 690 Fannio,

71 700 107 748 M.
117 700 146 748 F.
159 699 242 762 paucis
252 700 336 747 diebus
348 707 401 763 post
413 709 512 748 mortem
524 700 639 749 stiricani.

101 767 164 830 Ejus
174 766 341 829 disputationis
352 767 482 815 sententias
493 769 610 815 momoria
623 766 748 824 mandavi3
765 782 824 828 quas
836 765 882 813 hoc
893 765 952 814 libro

67 832 170 896 exposui
182 849 236 880 mco
248 833 375 881 arbitratu:
393 835 462 897 quasi
473 834 538 882 enim
555 834 619 897 ipsos
631 832 716 887 induii
728 835 856 894 loquentes,
869 849 899 880 ne
911 832 953 881 In·

67 916 145 966 quom
165 908 189 948 et
207 899 302 965 Inquit,
319 901 404 963 sepius
424 901 627 963 interponeretur3
645 909 723 963 atque,
742 909 777 956 ut,
796 907 918 961 tamquam
938 916 953 948 a
993 932 996 937 ·

68 968 230 1029 praesentibus,
242 976 321 1016 eoram
339 967 419 1016 haberi
430 984 507 1016 sermo
517 968 640 1016 videretur.
674 967 738 1015 Oum
751 966 815 1014 enim
833 982 894 1028 sepe
906 982 952 1015 me·

68 1049 126 1082 eum
138 1049 227 1094 ageres,
240 1042 266 1081 ut
276 1035 306 1082 de
321 1035 426 1083 amicitia
438 1035 561 1082 scriberem
573 1035 669 1097 aliquid,
681 1035 753 1095 digna
765 1034 824 1081 mibi
841 1049 886 1090 res,
897 1049 952 1082 cunr

69 1100 178 1148 omnium
190 1100 332 1161 cognitione,
345 1109 396 1150 tum
408 1110 488 1150 nostra
499 1101 664 1160 familiaritate,
675 1102 727 1148 visa
738 1110 780 1149 cst.
793 1101 897 1178 peltaque
908 1100 952 1148 saei

69 1182 118 1214 non
131 1167 228 1224 invitus,
240 1175 267 1215 ut
277 1169 413 1231 prodessem
424 1169 506 1217 multis
518 1176 559 1216 tuo
570 1178 662 1229 rogatu.
696 1168 751 1225 Sed,
760 1175 788 1216 ut
798 1184 824 1215 m
836 1175 850 1196 ‘⁴
861 1166 954 1222 Camne

70 1233 185 1297 Majore,”
203 1249 245 1295 qm
261 1248 297 1284 eat
320 1236 421 1298 scriptus
440 1237 469 1284 ad
488 1244 512 1284 to
529 1235 558 1283 de
584 1243 712 1293 senectute,
732 1235 856 1283 Catonem·
868 1234 953 1283 induri

69 1316 153 1348 sonem
165 1300 333 1363 disputantem,
341 1303 397 1364 quia
405 1305 472 1351 nullu
479 1303 601 1351 videbatur
611 1302 687 1365 aptior
698 1318 866 1366 personaque
877 1302 906 1350 de
914 1302 955 1350 illa

69 1375 138 1416 oetate
157 1369 297 1429 loqueretur,
309 1384 381 1431 quam
399 1371 457 1433 ejus,
469 1370 510 1432 qui
522 1377 547 1418 et
557 1370 689 1418 dlutissime
706 1386 779 1417 senex
791 1369 881 1426 fuisset,
893 1377 917 1417 et
928 1368 954 1417 in

70 1433 122 1497 ipsa
133 1443 255 1482 senectute
266 1434 312 1498 prae
329 1437 418 1484 ceteris
430 1438 546 1485 floruisset
556 1454 563 1495 ς
580 1437 621 1495 sie,
634 1453 690 1485 cum
705 1437 877 1498 accepissemus
889 1452 903 1484 a
914 1452 954 1499 pa·

69 1502 152 1558 tribus,
164 1503 268 1550 maxime
280 1504 454 1552 memorabilem
463 1503 492 1552 0.
502 1503 560 1552 Laeli
569 1513 593 1553 ct
605 1504 633 1553 P.
641 1503 760 1566 Scipionis
772 1503 954 1551 familiaritatem

70 1568 151 1626 fuisse,
163 1569 250 1617 idonea
261 1568 320 1617 mibi
332 1570 398 1619 Latii
410 1586 511 1633 persona
522 1571 573 1618 visa
584 1579 627 1628 est,
639 1571 731 1633 quade
743 1570 846 1618 amicitia
858 1586 886 1618 ea
903 1570 955 1633 ipsa

70 1635 201 1693 dissereret,
213 1652 265 1697 quoa
277 1636 395 1699 disputata
406 1639 435 1684 ab
446 1654 475 1684 eo
487 1637 633 1686 meminisset
645 1638 756 1686 Soaevola.

105 1702 189 1750 Genus
206 1711 286 1751 autem
303 1704 349 1752 hoe
369 1720 514 1762 sermonum,
531 1705 636 1769 positum
658 1704 684 1752 in
701 1704 828 1752 bominum
848 1712 953 1753 veterum

70 1769 216 1825 auctoritate,
236 1777 260 1817 et
277 1786 359 1819 eorum
374 1760 510 1830 illustrium,
531 1774 592 1835 plus,
611 1771 756 1834 nescioquo
774 1780 850 1833 pacto,
863 1771 955 1819 videtur

69 1837 158 1885 habere
168 1835 296 1896 gravitatis.
329 1838 412 1899 Itaque
430 1838 487 1900 ipse,
499 1855 553 1888 mea
570 1841 657 1900 legens,
669 1838 703 1886 sic
721 1838 810 1885 afficior
827 1837 954 1895 interdurn,

70 1911 99 1952 ut
111 1901 237 1961 Catonem,
255 1919 305 1952 non
319 1921 366 1961 me,
387 1905 452 1966 loqui
469 1905 610 1954 existimem.
644 1906 699 1963 Sed,
712 1913 739 1953 ut
756 1914 807 1953 turn
825 1905 855 1952 ad
872 1921 954 1953 senem

69 1985 145 2019 senex
157 1970 186 2017 do
198 1978 326 2028 senectute,
339 1972 373 2019 sie
385 1973 431 2020 boc
448 1973 506 2020 libro
518 1973 547 2021 ad
559 1974 662 2021 amicum
681 1971 839 2020 amicissimus
850 1972 879 2019 de
897 1972 955 2020 ami-

69 2036 128 2086 citia
147 2036 236 2098 scripsi.
269 2039 334 2086 Turn
353 2048 389 2087 est
401 2038 462 2088 Cato
482 2041 583 2096 locutus,
599 2056 646 2102 quo
661 2048 711 2086 erat
727 2054 799 2086 nemo
810 2038 857 2086 scre
876 2039 955 2086 senior

70 2103 217 2167 temporibus
235 2104 288 2163 illis,
304 2122 375 2153 nemo
393 2107 545 2169 prudentior:
566 2123 632 2155 nunc
651 2105 745 2163 Lelius,
758 2113 782 2153 ot
800 2105 895 2167 sapiens
908 2107 955 2166 (sic

69 2170 137 2221 enim
148 2179 184 2218 est
195 2171 310 2238 habitus)
321 2181 346 2220 ct
357 2173 465 2221 amicitie
473 2173 548 2235 gloria
558 2174 683 2229 excellens,
691 2174 720 2221 de
729 2172 832 2220 amicitia
844 2172 954 2235 loquitur.

70 2238 120 2295 Tu,
133 2237 211 2291 velim.
224 2237 332 2287 animum
344 2256 359 2287 a
369 2256 408 2288 me
425 2256 552 2303 parumper
563 2248 667 2307 avertam
685 2239 786 2288 Laelium
798 2240 862 2301 loqui
875 2240 955 2302 ipsum

69 2314 159 2369 putes..
183 2303 213 2352 C.
223 2305 333 2354 Fannius
340 2314 365 2354 et
376 2306 407 2366 Q.
415 2307 512 2356 Mucius
523 2308 553 2354 ad
565 2323 673 2356 socerum
682 2306 782 2355 veniunt
792 2317 844 2369 post
855 2315 955 2355 mortem

70 2371 196 2421 Africani:
214 2373 244 2419 ab
255 2372 293 2420 bis
310 2389 388 2422 sermo
399 2373 487 2422 oritur:
506 2375 631 2437 respondet
648 2374 750 2433 Ladius3
767 2375 837 2438 eujus
848 2382 898 2425 tota
909 2374 955 2423 dis·

70 2437 165 2503 potatio
176 2445 212 2486 est
223 2439 252 2487 de
264 2432 374 2500 amicitia,
387 2457 459 2504 quam
471 2442 551 2502 legens
563 2450 589 2490 tu
601 2449 624 2489 te
636 2441 686 2506 ipse
697 2458 833 2504 cognosces.
876 2440 889 2509 ζ

103 2571 136 2623 Ῑῐ.
156 2572 281 2623 Fannius.
315 2573 380 2623 Sunt
395 2574 448 2633 ista,
457 2574 534 2624 Lali:
551 2591 597 2623 nec
612 2576 678 2624 enim
696 2576 780 2625 melior
790 2576 825 2624 vir
836 2576 882 2625 fuit
894 2576 956 2624 Afri-

69 2654 132 2689 eano
143 2641 278 2705 quisquam,
286 2656 332 2688 neo
342 2641 433 2690 clarior.
466 2642 515 2690 Sed
523 2642 659 2691 existimare
667 2645 744 2701 debes,
757 2645 864 2691 omnium
874 2645 955 2692 oculos

70 2706 100 2755 in
116 2714 140 2756 te
154 2724 207 2756 esse
224 2707 360 2771 conjectos:
378 2725 455 2757 unum
472 2716 496 2758 te
513 2709 644 2773 sapientem
656 2719 681 2759 et
696 2712 817 2773 appellant
833 2719 857 2757 ct
874 2710 955 2758 eristi-

69 2780 146 2823 mant.
179 2775 338 2824 Tribuebatur
358 2776 404 2824 hoc
422 2777 492 2826 modo
513 2777 548 2824 M.
561 2775 665 2825 Catoni:
693 2777 789 2826 scimus.
810 2776 839 2824 L.
852 2776 955 2825 Atilium

69 2841 135 2903 apud
147 2848 225 2904 patres
242 2849 334 2891 nostros
346 2844 492 2906 appellatum
508 2860 560 2891 esse
581 2843 727 2905 sapientem:
745 2844 787 2891 sed
798 2852 897 2905 uterque
909 2843 955 2892 alio

69 2908 175 2969 quodam
188 2909 271 2957 modo:
290 2908 386 2965 Atilius,
398 2909 455 2972 quia
465 2910 569 2973 prudens
581 2926 632 2957 esse
642 2910 666 2957 in
675 2911 730 2974 jure
741 2911 804 2958 civili
814 2912 955 2972 putabatur3

70 2972 143 3032 Cato,
162 2974 219 3038 quia
238 2976 368 3025 multarum
384 2992 464 3025 rerum
480 2992 553 3026 usum
570 2976 677 3025 habebat.
712 2976 790 3025 Multa
808 2978 867 3040 ejus,
887 2984 912 3024 et
930 2977 955 3025 in

68 3049 157 3091 senatu
175 3050 200 3090 et
216 3042 242 3091 in
262 3042 368 3101 faravel
385 3043 478 3106 provisa
496 3044 629 3106 prudenter,
640 3045 678 3091 vel
697 3052 750 3092 acta
765 3051 907 3100 constanter,
918 3045 956 3091 vel

69 3122 185 3172 respousa
195 3117 271 3168 acute,
283 3109 425 3159 ferebantur.
459 3111 592 3173 Propterea,
600 3110 668 3173 quasi
680 3126 814 3170 cognomen
823 3111 874 3173 jam
885 3110 955 3157 habe·

70 3176 149 3225 hetin
164 3184 286 3226 senectute
304 3177 426 3240 sapientis.
459 3176 497 3225 're
508 3185 588 3226 autem
602 3177 649 3227 alio
661 3178 765 3240 quodam
782 3178 853 3226 modo
865 3177 955 3233 dicunt,

69 3256 120 3293 non
130 3244 211 3292 solum
223 3251 307 3292 natura
317 3251 341 3292 et
352 3244 464 3303 moribus,
476 3260 558 3293 verum
570 3244 640 3292 etiam
653 3244 732 3293 studio
743 3251 767 3292 et
778 3243 891 3300 doctrina,
903 3259 955 3291 csse

67 3310 216 3373 eapientem
233 3327 279 3359 nec
289 3311 352 3359 sicut
363 3313 456 3372 vulgus,
468 3311 510 3359 sed
520 3318 549 3359 at
565 3311 651 3360 eruditi
668 3313 745 3360 solent
761 3302 878 3374 appellare
894 3309 956 3372 sapi·

67 3384 158 3434 etatem,
169 3378 264 3440 qualem
275 3377 302 3425 in
312 3377 403 3440 reliqua
414 3377 506 3426 Graecia
522 3377 651 3437 neminem,
666 3378 736 3442 (nam
749 3379 790 3440 qui
808 3385 899 3440 septem
915 3393 956 3438 ap·

66 3444 196 3508 pellantur,
212 3459 260 3503 eos,
272 3443 314 3506 qui
331 3444 377 3493 ista
393 3444 503 3493 subtilius
519 3454 634 3507 querunt,
652 3445 677 3494 in
695 3462 795 3494 numero
812 3445 954 3507 sapientium

67 3526 120 3561 non
136 3511 253 3577 habena)
272 3511 376 3560 Athenis
392 3527 471 3561 unum
488 3513 633 3577 accepimus,
648 3520 674 3562 et
689 3529 749 3562 eum
764 3513 868 3574 auidam
886 3511 964 3556 stam
