2054 3946
74 198 112 251 pfl
393 192 441 237 or,
465 192 645 239 orrrcrrs.

73 312 152 357 extra
166 300 282 357 modum
300 312 394 359 sumtu
410 313 438 359 et
458 302 668 377 magnificentia
688 300 831 377 prodeas:
854 302 949 375 quoin

73 399 175 455 genere
197 383 315 438 multum
339 381 405 438 mali
426 383 511 438 etiam
527 382 556 438 in
577 382 710 456 exemplo
725 392 777 437 est.
821 382 950 439 Studiose

73 461 150 515 enim
166 460 303 533 plerique,
319 462 475 536 praesertim
491 461 520 517 in
535 462 609 517 hano
629 473 748 536 partein,
764 460 839 517 saeta
852 462 950 537 prinei·

72 557 141 613 pum
164 540 325 596 imitantur:
348 551 378 596 ut
400 541 435 596 L.
451 541 584 607 Lucilli,l
608 541 712 596 summi
737 541 802 607 viri,
823 541 950 597 virtutem

74 618 160 688 quisi
182 630 209 673 at
229 639 314 689 quam
336 621 417 676 multi
439 621 569 676 villarum
591 620 833 695 magnificentiam
855 620 951 677 imitari

74 698 160 753 sunt?
183 717 300 768 quarum
316 699 431 769 quidem
447 711 521 755 eerte
536 709 580 755 est
599 699 776 756 adhibendus
792 698 907 765 modus,
920 698 950 755 ad

74 776 353 849 mediocritatemque
367 778 551 835 revocandus.
593 778 762 849 Eademque
775 777 951 835 mediocritas

74 854 109 911 ad
122 875 235 912 omnem
248 875 331 913 usum
343 858 507 931 cultumque
520 858 583 914 vita²
596 856 789 914 transferenda
801 868 857 914 est.
898 856 952 914 Sed

74 933 134 991 hoee
150 936 294 992 haetenus.

114 1015 146 1070 ln
157 1017 234 1071 ouini
246 1027 338 1072 autem
348 1017 458 1073 actione
471 1016 664 1091 suscipienda,
675 1016 727 1072 tria
736 1024 804 1072 sunt
815 1014 950 1073 tenenda:

74 1095 207 1168 primum,
224 1105 254 1151 ut
274 1096 416 1170 appetitus
438 1098 539 1153 rationi
560 1108 677 1171 pareat3
699 1114 756 1167 quo
778 1095 851 1151 nihil
864 1104 909 1151 est
921 1094 952 1151 ad

74 1173 168 1229 officia
193 1174 386 1231 conservanda
413 1175 674 1233 accommodatius:
704 1173 818 1239 deinde,
839 1184 873 1231 ut
898 1175 952 1231 aui·

74 1252 272 1319 madvertatur,
288 1266 392 1326 quanta
407 1256 454 1312 illa
469 1275 513 1311 res
529 1255 575 1319 sit,
588 1275 673 1326 quam
689 1254 802 1310 ellreere
816 1254 950 1320 velimus;

74 1342 105 1388 ut
125 1351 196 1388 neve
218 1335 318 1409 major,
334 1353 405 1390 neve
427 1337 520 1391 minor
539 1354 606 1390 eura
627 1345 655 1391 et
668 1353 755 1409 opera
772 1334 950 1409 suscipiatur,

75 1429 159 1482 quam
175 1432 260 1468 eausa
280 1414 423 1488 postulet:
448 1415 560 1470 tertium
575 1425 628 1480 est,
643 1424 674 1470 ut
689 1432 852 1479 caveamus,
867 1424 899 1470 ut
910 1430 949 1478 ea,

75 1509 137 1562 quae
152 1493 294 1567 pertinent
308 1492 342 1548 ad
360 1493 504 1550 liberalem
521 1494 645 1568 speeiem
661 1503 689 1550 et
703 1493 882 1567 dignitatem,
897 1510 951 1549 mo·

75 1571 169 1627 derata
183 1572 249 1628 sint.
292 1571 398 1628 Modus
420 1586 513 1629 autem
535 1583 578 1628 est
598 1573 734 1647 optimus,
749 1571 838 1628 <loeus
861 1572 951 1648 ipsum

75 1660 180 1717 tenere,
203 1651 237 1707 de
264 1671 320 1722 quo
346 1662 409 1707 ante
437 1652 572 1717 diximus,
596 1672 649 1709 uee
671 1651 804 1727 progredi
828 1650 950 1727 longius.

75 1728 187 1787 Horum
209 1742 302 1787 tamen
326 1732 408 1787 trium
432 1733 696 1806 praestantissimum
719 1741 772 1797 est,
797 1731 951 1807 appetitum

75 1811 268 1885 obtemperare
283 1810 393 1866 rationi.
738 1818 743 1827 '

76 1949 165 2007 CAP.
181 1950 246 2007 XL.
292 1949 373 2020 Quid
385 1951 426 2008 sit
440 1951 530 2008 ordo:
552 1962 696 2027 mugitum
710 1968 770 2006 esse
784 1950 849 2008 eim
861 1948 918 2009 loci
928 1956 952 2007 et

153 2029 291 2105 temporis
305 2031 344 2088 orl
357 2031 598 2088 eonrnurtondum
613 2048 711 2086 rerum
725 2037 879 2087 araturam.

114 2141 269 2197 Dnrueurs
284 2142 318 2198 de
333 2143 431 2201 ordine
452 2155 590 2219 rerum-et
603 2142 638 2199 de
659 2143 871 2217 opportunitate
886 2152 953 2199 tem·

74 2239 175 2295 porum
192 2220 341 2278 dicendum
357 2234 409 2279 est.
453 2223 523 2279 Haee
536 2236 628 2278 autern
643 2222 762 2279 seientia
775 2223 954 2279 eontinentur

75 2318 118 2365 ea,
142 2319 226 2371 quam
256 2301 349 2358 Graeci
370 2314 469 2367 εὐταξίαν
484 2303 648 2358 nominant:
676 2320 731 2357 non
757 2300 844 2367 hane,
871 2320 954 2373 quam

75 2379 292 2454 interpretamur
314 2381 564 2452 modestiamque
586 2383 614 2437 in
630 2383 715 2437 verbo
739 2380 845 2437 modus
862 2380 954 2447 inest;

74 2458 125 2514 sed
150 2460 198 2515 illa
220 2460 275 2520 esti
296 2470 388 2525 stragia,
404 2461 433 2516 in
457 2480 512 2531 qua
534 2461 699 2536 intelligitur
719 2460 827 2516 ordinis
844 2479 956 2518 eouser·

107 2623 120 2651 *
132 2621 257 2665 Lucullus.
291 2623 329 2665 lle
341 2621 386 2666 had
398 2622 437 2665 the
448 2635 499 2665 rare
509 2622 644 2666 distinction
656 2624 683 2665 of
691 2623 828 2678 displaying
840 2623 957 2669 consider·

76 2673 125 2717 able
144 2675 247 2727 military
260 2674 353 2727 taleriis,
367 2676 500 2737 posscssing
512 2688 640 2719 enormous
650 2678 742 2723 wealrli.
755 2677 803 2720 ond
816 2676 957 2734 enjoyingn

75 2727 118 2770 fair
132 2729 270 2781 reputation.
306 2728 333 2770 In
352 2728 387 2770 lus
398 2729 472 2773 villas.
485 2729 510 2771 in
522 2729 656 2783 particular,
669 2729 697 2772 he
709 2730 770 2772 lived
787 2730 812 2773 in
825 2734 894 2781 erest
906 2731 955 2775 lros·

74 2781 167 2835 pitality
180 2782 228 2824 end
240 2782 334 2835 luxury,
348 2781 433 2833 having
446 2782 553 2826 different
564 2783 637 2825 suites
649 2783 676 2824 of
690 2787 837 2843 apartments
849 2785 886 2828 for
896 2794 956 2829 sum·

74 2845 124 2876 mer
143 2835 189 2877 and
209 2835 300 2878 winter.
336 2835 486 2879 Plin.ix.54.
520 2837 620 2879 Varron.
634 2835 661 2879 n.
674 2837 702 2879 lt.
713 2834 752 2879 lib.
765 2836 778 2879 i.
790 2836 824 2881 iir.
858 2837 957 2881 Plutia

75 2886 136 2930 Vita.
171 2889 199 2930 ln
213 2887 251 2930 the
264 2887 341 2931 fourth
354 2887 415 2931 boolr
428 2889 454 2931 of
467 2890 540 2933 Tuse.
552 2891 641 2943 Quaest,
654 2888 770 2932 inscribed
784 2890 911 2945 Lucullus,
921 2890 957 2934 his

74 2939 160 2983 virtues
172 2953 211 2983 are
224 2941 304 2996 highly
316 2942 416 2996 praised.

107 2992 123 3047 †
138 2993 183 3036 Scit
194 2994 237 3037 ilia
254 2997 296 3038 eet.
330 2997 400 3039 Hauc
414 2994 500 3047 having
517 2993 640 3050 preceded,
653 2993 757 3038 illumin
769 2994 808 3039 the
826 2996 958 3041 aecusativo

75 3044 125 3087 also
142 3046 216 3099 might
229 3047 286 3091 have
299 3048 357 3091 been
371 3049 493 3103 expected.
528 3050 574 3093 But
586 3048 667 3091 eicere
679 3061 779 3102 appears
795 3053 820 3092 to
837 3049 897 3095 have
925 3062 958 3094 re·

75 3098 148 3140 ferred
161 3100 318 3158 ‹reensioually
330 3102 369 3145 tire
388 3105 484 3155 present
500 3102 676 3154 construction3
694 3114 728 3155 as,
741 3102 765 3145 in
777 3101 817 3146 the
830 3103 872 3148 otu
890 3116 905 3148 e

74 3151 146 3193 “Dim
164 3152 219 3195 vitia
238 3154 341 3207 vitanda,
362 3154 576 3200 unum—alterum
593 3160 630 3199 ost
646 3155 757 3198 vitium.”
792 3155 827 3201 De
837 3158 877 3203 Or.
891 3158 958 3211 Η,

63 3202 137 3245 “Has
146 3215 235 3250 causas
246 3208 401 3256 inveniebam
412 3210 482 3263 duas.
494 3210 681 3256 unum-altero
691 3209 748 3254 esu*
