2054 3946
421 490 497 536 cna.
523 490 590 535 xrr.
896 494 953 549 249

65 599 102 648 sie
110 612 203 658 senem,
213 597 240 647 in
251 614 299 661 quo
311 605 344 648 cst
364 592 519 648 adolescentis
536 597 632 662 aliquid,
644 599 730 661 probo:
749 597 812 660 quod
823 597 865 661 qui
877 599 954 661 sequi·

65 675 112 723 tur,
124 680 222 729 corpore
238 681 312 713 senex
329 681 381 714 esse
398 666 491 730 poterit,
508 665 588 714 animo
605 681 731 728 nunquam
748 666 798 713 erit
832 665 953 728 Septimus

65 732 127 781 mihi
145 739 159 763 ‘⁴
166 731 310 793 0riginum”
328 732 385 781 liber
396 742 433 782 est
443 733 470 781 in
481 733 604 781 menibus:
622 732 703 780 omnia
714 731 860 794 antiquitatis
878 733 954 781 moui·

67 808 149 848 menta
170 800 269 860 colligo:
293 815 418 849 causarum
437 800 572 858 illustrium,
587 815 749 862 quascumque
769 800 871 856 defendi,
888 815 953 849 nunc

65 882 140 929 quam
152 866 257 915 maxime
268 867 369 915 conficio
381 866 511 915 orationes:
526 868 568 930 jus
585 882 711 927 augurum,
723 867 872 930 pontificum,
885 866 954 916 civile

64 941 155 982 unctu:
173 934 275 982 multum
283 932 354 981 etiam
362 933 450 982 Grecis
458 933 530 982 literis
538 941 603 981 utor:
622 933 872 997 Pythagoreorumque
881 949 953 992 more,

64 1000 203 1048 exercende
214 999 332 1048 memoriae
343 1000 425 1061 gratia,
433 1001 489 1064 quid
502 1016 596 1062 quoquc
603 1000 641 1048 die
652 1000 759 1059 dixerim,
769 1000 891 1057 audierim,
900 1017 953 1061 ege·

65 1065 118 1125 rim,
135 1082 294 1115 commemoro
312 1067 410 1130 vesperi.
452 1067 497 1115 Hae
515 1075 572 1115 sunt
591 1067 769 1115 exercitationes
786 1067 885 1128 ingenii,
903 1068 953 1116 hac

64 1133 183 1182 curricula
199 1133 300 1182 mentis:
318 1134 343 1182 in
360 1133 398 1182 his
414 1134 534 1183 desudans
550 1140 621 1195 atque
638 1135 767 1192 elaborans,
778 1135 881 1197 corporis
891 1135 953 1182 vires

65 1215 116 1248 nen
134 1215 277 1263 magnopere
294 1200 406 1250 desidero.
440 1201 535 1250 Adsum
553 1200 647 1248 amicis:
664 1201 734 1249 venio
745 1201 771 1249 in
781 1210 891 1249 senatum
908 1202 952 1250 fre·

64 1282 151 1329 quens,
162 1269 272 1329 ultroque
282 1265 355 1316 affere
372 1284 409 1315 res
426 1269 529 1316 multum
541 1277 565 1315 et
575 1267 617 1316 diu
634 1267 764 1328 cogitatas;
781 1285 867 1330 easque
885 1277 953 1317 tueor

63 1333 148 1390 animi,
159 1349 209 1382 non
220 1334 330 1397 eorporis,
339 1334 435 1383 viribus.
469 1335 530 1394 Qua
541 1334 562 1382 si
573 1335 671 1397 exsequi
682 1335 811 1397 nequirem,
823 1343 903 1384 tamen
912 1352 952 1384 me

65 1401 168 1449 lectulus
185 1402 310 1449 oblectaret
327 1399 502 1464 manuscripta
518 1401 668 1462 cogitantem,
680 1417 731 1465 que
746 1403 797 1467 jam
814 1419 883 1462 agere
901 1419 951 1452 non

65 1474 173 1530 possem:
191 1467 240 1526 sed,
251 1475 280 1516 ut
290 1467 387 1531 possim,
398 1467 454 1516 facit
471 1476 523 1517 acta
534 1470 589 1517 vita.
624 1468 722 1530 Semper
739 1470 804 1517 enim
816 1469 842 1516 in
853 1469 891 1517 his
902 1480 951 1518 stu·

63 1533 112 1582 diis
123 1533 287 1596 laboribusque
302 1534 392 1584 viventi
400 1551 450 1583 non
464 1534 611 1596 intelligitur,
620 1534 715 1598 quando
724 1537 820 1598 obrepat
833 1544 950 1585 senectus.

65 1600 103 1648 lta
110 1601 200 1650 senum
208 1601 259 1649 sine
267 1617 339 1650 sensu
351 1610 407 1650 retas
418 1602 535 1651 senescit:
553 1619 598 1651 nee
609 1603 686 1650 subito
698 1601 829 1663 frangitur;
846 1603 888 1650 scd
899 1603 951 1652 diu·

65 1667 179 1717 tumitate
190 1667 357 1730 exstinguitur.

54 1830 58 1839 ·
98 1800 156 1850 ΧΠ.
173 1800 286 1864 Sequitur
302 1802 370 1851 tertio
380 1802 521 1866 vituperatio
533 1801 668 1859 senectutis,
680 1802 743 1865 quod
755 1819 809 1850 eam
826 1818 905 1851 carere
916 1802 950 1851 di-

64 1876 125 1917 cunt
135 1868 302 1932 voluptatibus.
336 1869 357 1918 0
370 1871 506 1932 praclarum
519 1885 608 1918 munus
618 1869 700 1928 etatis,
708 1869 729 1917 si
738 1869 833 1931 quidem
841 1869 865 1917 id
875 1869 950 1919 aufert

64 1934 142 1994 nobis,
153 1936 217 1999 quod
228 1936 300 1984 estin
311 1933 469 1985 adolescentia
479 1936 670 1985 vitiosissimum!
705 1935 814 1998 Accipite
825 1937 897 1995 enim,
909 1954 950 2001 op·

64 2001 118 2050 timi
126 2003 293 2059 adolescentes,
305 2011 408 2052 veterem
420 2003 549 2051 orationem
561 2002 673 2066 Archyta
685 2002 819 2062 Tarentini,
831 2004 912 2064 magni
923 2005 949 2054 in

55 2068 149 2132 -prirnis
159 2077 184 2117 et
193 2070 298 2133 preelmi
308 2070 367 2128 vin';
384 2086 436 2132 quae
448 2070 508 2118 mihi
519 2070 601 2118 tradita
613 2078 656 2127 est,
663 2084 719 2118 curn
728 2086 803 2119 essem
814 2071 950 2120 adolescens

63 2135 166 2184 Tarenti
181 2152 239 2185 cam
260 2138 291 2196 Ω,
307 2137 422 2185 Maximo.
463 2137 564 2185 Nullam
581 2135 743 2200 capitaliorem
762 2146 860 2200 pestem,
876 2155 949 2201 quam

62 2203 170 2265 corporis
180 2204 332 2266 voluptatem,
344 2203 481 2252 hominibus
492 2203 584 2252 dicebat
594 2221 609 2252 a
619 2212 704 2252 natura
715 2205 811 2263 datsm;
828 2205 897 2269 cujus
909 2221 947 2254 vo·

63 2268 164 2331 luptatis
180 2270 263 2318 avidis
278 2270 388 2321 libidines
404 2279 492 2318 temere
503 2278 527 2318 et
543 2270 654 2318 effrenate
666 2271 695 2319 ad
707 2272 850 2334 potiundum
867 2272 950 2321 incita·

63 2342 154 2385 rentur.
188 2336 254 2385 Hinc
263 2337 342 2400 patrie
350 2337 501 2400 proditiones,
507 2337 564 2385 hinc
571 2338 797 2400 rerumpublicarum
807 2339 948 2398 eversiones,

62 2402 123 2451 hiae
139 2419 195 2451 cum
213 2403 320 2452 hostibus
339 2404 486 2452 clandestina
503 2404 621 2466 colloquia
637 2404 717 2453 nasci:
735 2408 828 2455 nullum
845 2407 948 2469 denique

61 2471 151 2528 soclus,
168 2471 262 2519 nullum
279 2472 368 2519 malum
386 2470 478 2519 lacinus
495 2487 554 2528 esse,
571 2472 601 2520 ad
617 2471 681 2534 quod
701 2473 878 2536 suscipiendum
898 2490 948 2522 non

62 2536 137 2586 libido
149 2538 276 2600 voluptatis
288 2537 429 2601 impelleret;
447 2547 529 2600 stupra
543 2555 604 2597 vero,
616 2547 640 2587 et
651 2539 772 2597 adulteria,
783 2547 807 2587 et
818 2557 889 2588 omne
902 2543 948 2589 tale

62 2603 189 2664 flagitium,
201 2605 274 2653 uullie
289 2605 343 2653 ahie
359 2605 473 2655 illecebris
491 2605 595 2661 excitari,
607 2606 654 2654 nisi
668 2606 801 2669 voluptatis.
836 2606 948 2669 Cumque

62 2669 156 2719 homini
174 2671 224 2718 sive
240 2679 331 2729 natura,
343 2672 393 2720 sive
405 2672 459 2734 quis
476 2672 551 2730 Deus,
563 2673 622 2721 nihil
640 2683 719 2722 mente
737 2673 891 2734 praestabilius
909 2675 948 2723 de·

60 2736 153 2795 disset;
170 2737 228 2786 huie
238 2737 319 2786 divino
330 2739 423 2787 muneri
434 2756 462 2786 ac
474 2740 536 2787 dono
547 2740 606 2787 nihil
615 2756 666 2786 esse
675 2748 724 2788 tam
735 2739 868 2797 inimicum,
876 2756 948 2801 quarn

63 2805 217 2866 uoluptatem.
249 2805 304 2853 Nec
326 2804 398 2863 enim,
413 2805 510 2855 libidine
531 2807 675 2863 dominante,
688 2806 847 2868 temperantia·
867 2809 946 2856 locum

60 2886 130 2929 esse3
148 2887 225 2934 neque
237 2888 336 2920 omnmo
347 2871 372 2919 in
385 2873 510 2934 voluptatis
521 2889 594 2933 regno
606 2871 715 2920 virtutem
728 2889 797 2935 posse
812 2874 948 2923 consistere.

61 2939 136 2997 Quod
149 2954 197 3000 quo
214 2939 290 2999 magis
301 2939 402 2999 intelligi
413 2940 494 3002 pessit,
505 2939 595 3000 fingere
606 2938 687 2986 animo
696 2940 800 3002 jubebat,
812 2948 878 2988 tanta
889 2941 947 2989 inei·

62 3012 140 3053 tatum
157 3006 260 3068 aliquem
272 3008 391 3069 voluptate
409 3006 518 3069 corporis,
529 3014 619 3067 quanta
635 3006 721 3068 percipi
740 3015 818 3068 posset
835 3007 947 3057 maxima.

61 3069 165 3120 Nemini
175 3075 286 3120 censebat
296 3073 345 3122 iore
357 3072 462 3129 dubium,
470 3072 528 3134 quin
538 3072 635 3130 tamdiu,
643 3073 700 3120 dum
713 3073 746 3120 ita
758 3074 877 3132 gauderet,
886 3075 947 3123 nihil

60 3138 152 3199 agitare
160 3148 247 3197 mente,
255 3140 314 3190 nihil
323 3139 419 3196 ratione,
429 3139 489 3189 nihil
499 3139 641 3198 cogitatione
648 3139 768 3203 consequi,
778 3151 871 3202 posset:
889 3157 947 3203 quo·

60 3205 124 3254 eirca
135 3206 195 3255 nihil
205 3222 258 3254 esse
270 3216 318 3255 tam
335 3206 478 3264 detestabile,
489 3215 585 3268 tamque
602 3206 745 3268 pestiferum,
757 3223 829 3269 quam
841 3209 894 3256 volu
898 3217 947 3270 pta·

61 3281 124 3331 tem;
141 3273 258 3335 siquidem
276 3290 311 3332 ea,
327 3290 382 3322 curn
401 3274 477 3337 major
494 3282 557 3321 esset
576 3282 646 3334 atque
666 3273 765 3334 longior,
780 3291 851 3322 omne
872 3275 945 3322 animi

60 3340 142 3389 iumen
155 3339 323 3400 exstingueret.
357 3340 418 3389 Hace
434 3356 489 3388 cum
502 3338 531 3387 C.
544 3340 630 3387 Pontio
648 3339 755 3388 Samnite
770 3340 846 3403 (pate
858 3344 942 3405 ajus,a

57 3420 115 3469 quo,
125 3405 237 3454 Caudino
246 3407 335 3470 proelio,
341 3406 382 3470 Sp.
392 3407 537 3461 Postumius,
545 3406 575 3453 Τ.
584 3406 705 3463 Veturius,
714 3410 830 3465 consules,
842 3408 944 3471 superati

58 3476 129 3540 nint)
142 3475 247 3524 locutum
256 3474 395 3538 Archytam,
403 3474 529 3523 Nearchus
537 3473 690 3534 Tarentinus,
698 3475 784 3540 hospes
793 3484 879 3536 nrrster,
891 3473 945 3539 (qui
