2054 3946
72 199 125 253 103
380 192 429 237 on
454 193 640 240 orrrcrrs.

68 302 195 361 Penoetio
211 302 442 375 pretermissum,
458 302 508 359 sed
522 302 654 359 consulto
669 301 812 369 relictum,
828 318 880 359 nce
893 318 943 359 om·

69 385 136 439 nino
157 381 336 437 scribendum
358 382 457 449 luisse,
474 383 540 454 quia
559 400 705 453 nunquam
727 390 830 457 posset
849 381 944 437 utilitnt

68 480 132 518 cum
147 460 294 516 honestate
307 480 442 536 pugnare.
485 462 529 517 De
542 480 599 533 quo
608 461 726 518 alterum
740 471 838 536 potest
851 460 945 517 habers

68 540 282 606 dubitationem,
299 539 527 596 adhibendumne
541 541 627 597 suerit
645 541 700 597 hoe
715 558 819 615 genus,
836 538 947 612 quodie

68 619 209 677 divisione
231 619 350 676 Panretii
372 620 484 676 tertium
506 629 558 687 est,
580 639 616 676 an
639 620 722 695 plane
743 618 946 677 omittendum:

69 699 187 754 alterum
207 697 325 754 dubitari
341 718 398 755 non
414 707 516 773 potest,
531 700 600 771 quin
615 719 631 754 a
646 699 775 755 Panaetio
790 708 948 775 susceptum

69 780 116 844 sit,
131 777 180 833 sed
196 778 336 833 relictum.
380 778 456 834 Nam
472 779 520 849 qui
535 797 550 834 e
565 778 707 835 divisione
729 778 872 852 tripartita
887 776 950 833 durs

69 870 162 933 partes
175 858 336 923 absolverit,
346 857 413 913 huic
425 876 542 914 necesse
555 868 598 913 est
609 868 714 914 restare
724 858 850 913 tertiam.
883 856 951 914 Pre-

69 950 145 993 terea
159 937 188 991 in
203 949 331 993 extremo
351 937 424 994 libro
447 938 528 993 tertio
542 936 577 992 de
592 937 645 993 hac
659 947 741 1011 parte
758 936 911 1012 pollicetur
922 952 950 993 sc

70 1016 206 1089 deinceps
222 1033 285 1071 esse
302 1015 451 1073 dicturum.
813 1026 828 1047 ⁸

109 1094 341 1150 Accedit-eodem
357 1096 436 1151 testis
450 1095 589 1170 locuples,
606 1094 794 1161 Posidonius,
810 1096 859 1167 qui
873 1094 950 1151 ctiam

70 1174 167 1230 scribit
181 1174 208 1229 in
225 1175 345 1245 quadam
361 1175 490 1250 epistola,
507 1175 542 1232 P.
557 1175 697 1231 Rutilium
713 1172 844 1231 Rusum*
865 1174 952 1231 dicere

70 1254 171 1320 solere,
188 1255 235 1324 qui
252 1254 409 1310 Punaetium
425 1253 559 1320 audierat,
575 1265 607 1310 ut
620 1272 704 1310 nemo
720 1254 815 1328 pictor
829 1262 906 1311 esset
916 1252 951 1309 iu·

70 1344 181 1400 ventus,
192 1333 240 1404 qui
256 1332 360 1410 [Cure]
378 1334 512 1395 Veneris†
527 1343 724 1408 campartem,
739 1351 826 1404 quum
841 1332 951 1409 Apellen

69 1411 229 1468 inchoatam
243 1413 415 1483 reliquisset,
429 1413 586 1469 absolveret
599 1413 668 1490 (oris
684 1412 760 1467 enim
776 1411 952 1486 pulchritudo

71 1491 173 1562 reliqui
194 1493 321 1567 corporis
344 1492 472 1548 imitandi
493 1511 574 1567 spem
596 1490 750 1568 auferebat)
774 1492 818 1548 sic
835 1510 881 1559 ea,
895 1508 952 1564 que

71 1571 213 1627 Panaetius
235 1572 464 1646 pretermisisset
479 1571 525 1648 [et
545 1591 603 1628 non
625 1568 827 1647 perfecisset‡]
843 1580 952 1647 propter

70 1669 179 1716 eorum,
203 1670 264 1721 quae
293 1651 469 1725 perfecisset,
491 1652 694 1726 praestantiam,
717 1650 868 1707 neminem
894 1666 951 1707 esso

70 1741 262 1804 persecutum.

72 1860 160 1918 CAP.
175 1861 228 1918 lll.
258 1858 295 1917 In
317 1859 489 1936 separandis
510 1858 580 1917 rutili
601 1867 628 1916 et
647 1859 768 1917 horrente
789 1859 951 1937 periculum

149 1959 219 1996 esre.
265 1938 345 2008 Quid
358 1939 397 1996 sit
414 1940 511 1997 vivere
526 1938 729 1997 convenienter
741 1947 872 1997 nature.

111 2051 300 2114 Qunnonuun
315 2049 349 2106 dc
360 2048 470 2126 judicio
485 2049 620 2122 Panaetiiy
635 2049 755 2106 dubitari
770 2069 827 2107 non
845 2058 949 2126 potest·

70 2141 182 2186 rectene
200 2127 325 2206 [autem]
349 2130 421 2185 hanc
443 2131 553 2186 tertiam
574 2141 681 2204 partem
697 2128 733 2185 ad
747 2128 950 2201 exquirendum

72 2209 196 2265 officium
219 2208 388 2282 adjunxerit,
405 2228 439 2264 an
455 2228 548 2275 secuS,
564 2208 598 2265 de
613 2227 648 2266 eo
662 2209 783 2265 sortasse
804 2208 951 2285 disputarll

105 2338 117 2364 *
130 2333 252 2378 Rutilium
267 2333 370 2389 Rufum.
406 2335 456 2379 Lib,
468 2334 490 2378 ii.
503 2337 538 2379 13.

103 2388 237 2441 Ueneris.
271 2389 304 2430 (tf
318 2387 363 2429 this
380 2388 515 2431 unfinisbed
533 2387 631 2442 picture,
646 2388 716 2442 Pliny
727 2388 823 2443 specim,
835 2402 909 2435 xxxv.
921 2389 946 2435 lh

71 2443 84 2464 “
96 2440 191 2495 Apelles
203 2440 272 2482 etium
285 2440 432 2484 inchoaverat
440 2444 554 2484 Venerem
567 2440 627 2492 Cois,
636 2446 792 2496 superaturus
803 2443 877 2487 etium
889 2454 952 2487 suun.

71 2493 134 2537 illam
146 2493 255 2547 priorem.
289 2494 377 2536 Invidit
386 2506 440 2536 vero
451 2506 520 2544 mors,
528 2498 622 2548 peracta
632 2499 704 2548 parte,
714 2506 757 2538 nec
768 2496 809 2550 qui
821 2496 953 2541 succederet

71 2547 135 2601 operi
149 2546 177 2588 ud
191 2546 324 2601 praescripta
335 2548 477 2590 lincamenta
490 2547 601 2589 inventus
613 2548 674 2590 est.'’

105 2606 116 2650 ss
131 2598 276 2655 Perfecisscl.
311 2600 363 2643 The
375 2600 439 2643 three
452 2601 529 2642 words
538 2599 621 2643 within
633 2600 739 2644 brackets
751 2614 791 2644 ure
800 2601 952 2657 probablysu

71 2652 251 2706 interpolation:
270 2653 294 2695 in
313 2665 384 2707 many
396 2654 462 2696 MSS.
475 2654 530 2715 they
543 2653 573 2695 do
585 2657 734 2709 noteppeur.
768 2654 859 2711 Bisbop
872 2657 953 2700 Perire!

70 2710 178 2760 suggests
185 2705 336 2760 pronrirhscl,
344 2707 366 2750 et
376 2718 425 2750 non
434 2706 575 2762 persectrset.

403 2809 555 2853 crrnPTER
575 2809 611 2852 lll

72 2933 87 2973 n
106 2879 119 2930 ξ
133 2878 223 2938 erdt'rr'o
236 2876 351 2939 Eandem:
369 2877 425 2930 that,
436 2877 460 2920 in
480 2877 544 2920 theo
563 2877 628 2921 inion
642 2877 670 2922 of
685 2878 811 2932 Punuetius,
825 2878 954 2925 this'tmrr

89 2891 636 2994 tsuhyertofrnqurry,cannotbedoullted.n
727 2984 732 2993 Ι
765 2985 770 2994 .

106 2983 114 3034 l
131 2985 258 3044 Dprpzr-lcrr
268 3000 276 3025 .·
294 2983 447 3045 chermelam.
481 2984 532 3027 The
544 2983 598 3027 verb
611 2984 713 3046 drsprrlo,
726 2995 751 3027 ru
764 2989 794 3028 rts
806 2985 954 3035 originalem·

71 3037 262 3097 ceptetron,does
272 3040 313 3097 not
324 3037 398 3096 imply
409 3036 560 3098 discordunce
573 3038 601 3079 of
608 3049 715 3100 oprnron,
723 3037 765 3082 but
773 3041 866 3095 merely
875 3039 953 3083 debete

71 3089 171 3152 without
181 3094 326 3150 eontentron.
360 3089 419 3133 Mrhr
449 3091 526 3133 uidem
539 3091 636 3159 uidetur,
645 3102 669 3133 rrr
683 3090 812 3145 utromque
819 3095 920 3148 perterre,
927 3092 952 3137 de

65 3142 952 3251 intercedentiumtentT*
