2054 3946
71 199 124 252 138
380 190 428 235 or:
454 190 639 237 orrtcrrs.

67 303 190 358 scribere
203 297 241 378 (pr
252 299 372 356 asertim
387 318 452 356 cum
466 299 502 356 de
512 299 697 375 philosophia
710 296 881 381 scriberem)
894 318 943 359 nott

67 381 212 446 auderem,
242 381 298 435 nisi
325 378 403 435 idem
437 379 562 454 placeret
589 380 763 454 gravissimo
791 380 944 437 Stoicorum

68 460 205 518 Panaetio.
248 459 378 515 Maxime
404 470 499 515 autem
522 470 551 516 et
572 460 663 533 gloria
687 460 798 534 paritur
821 470 851 517 et
869 460 945 537 gratia

67 538 302 603 defensionibus:
324 556 417 609 eoque
438 539 539 614 major,
561 540 587 594 si
609 538 725 610 quando
747 538 864 605 occidit,
877 550 908 597 ut
923 539 947 595 ei

68 618 259 683 subveniatur,
276 618 325 688 qui
347 617 470 691 potentis
492 618 612 693 alicujus
634 619 738 693 opibus
754 619 948 676 circumveniri

69 698 218 773 argoriqno
234 696 379 753 videatur:
402 708 433 753 ut
450 716 502 753 nos
517 708 546 752 ct
560 716 637 772 soepe
652 698 733 763 alias,
749 711 778 754 et
792 697 949 755 adolescen-

69 788 120 843 tes,
143 776 295 833 control..
319 776 405 832 Sulla
428 774 600 833 dominantis
621 796 692 851 opes
717 796 772 853 pro
794 778 829 835 S.
851 778 949 837 Roscio

70 857 223 915 Amerino*
239 854 377 911 fecimus:
401 874 474 927 quae,
489 866 521 911 ut
535 858 603 923 scis,
619 866 713 913 exstat
726 857 832 915 oratio.

70 1030 159 1087 cnl‘.
177 1030 243 1086 XV.
280 1027 500 1105 Beneficieotiae
515 1028 590 1087 ratio
603 1027 721 1105 duplex,
734 1038 790 1089 out
805 1037 951 1107 operarer

104 1109 255 1187 petroio,-
277 1126 341 1185 que
356 1115 518 1165 constater
532 1127 629 1186 opero,
644 1107 809 1178 benectior,
826 1118 854 1167 et
865 1109 950 1169 latim

104 1197 196 1266 potet.

110 1300 171 1355 ‘leo
182 1299 326 1374 expositis
348 1298 571 1356 adolescentium
586 1300 699 1366 officiis,
715 1319 781 1371 quae
796 1286 950 1360 valeand

70 1381 188 1455 gloriam
207 1378 430 1455 adipiscendam,
446 1379 581 1454 deinceps
602 1378 637 1435 de
658 1380 851 1439 beneficentia
872 1400 905 1439 ac
922 1380 951 1439 de

70 1460 236 1516 liberalitato
264 1458 413 1514 dicendum
449 1468 501 1514 est.
545 1459 637 1533 Cujus
665 1470 710 1515 est
737 1462 811 1517 ratio
838 1460 950 1536 duplex.

72 1540 148 1596 Nam
170 1552 217 1594 aut
238 1558 325 1613 opcra
345 1538 466 1613 benigue
482 1538 514 1593 iit
535 1537 739 1613 indigentibuS,
755 1551 805 1596 aut
825 1540 950 1617 pecunia.

71 1618 194 1676 Facilior
220 1629 263 1674 cst
285 1618 345 1673 hac
368 1618 517 1691 posterior,
539 1618 674 1707 locupleti
697 1621 878 1693 pracsertim:
908 1616 952 1677 sed

71 1699 119 1754 illa
131 1699 241 1763 lautior,
256 1716 288 1753 ac
300 1696 485 1771 splendidior,
498 1698 595 1753 otviro
608 1697 671 1754 sorti
685 1698 822 1770 claroque
834 1699 950 1775 dignior.

71 1778 251 1848 Qtramquam
267 1779 343 1832 enim
365 1776 393 1831 in
408 1787 528 1847 utroquo
550 1777 625 1832 inest
639 1777 816 1852 gratificandi
833 1778 951 1835 liberalis

72 1857 211 1921 voluntas,
229 1866 323 1911 tamen
345 1856 432 1911 altera
446 1874 481 1911 ex
497 1875 570 1921 arca,
586 1857 673 1911 altera
687 1875 724 1912 ex
739 1858 844 1915 virtute
858 1858 950 1935 depro

72 1936 375 2009 mitur.lr'1rgitroque,
392 1954 454 2006 quae
470 1935 502 1990 iit
522 1954 558 1991 ex
579 1954 608 1991 re
625 1935 768 2003 familiari,
785 1936 923 1995 sontem'
916 1956 969 2013 tp,

72 2032 136 2070 sum
152 2015 332 2089 benignitatis
354 2015 493 2070 exhaurit.
537 2014 579 2070 Ita
600 2016 775 2106 benignitate
796 2016 951 2107 benignitas

73 2093 196 2150 tollitur:
219 2113 275 2165 qna
294 2112 350 2165 quo
366 2095 395 2150 in
415 2093 511 2169 plures
526 2113 594 2149 usus
610 2095 661 2161 sis,
676 2114 710 2151 eo
732 2096 829 2152 miuus
844 2096 875 2153 in
888 2094 951 2153 mul·

73 2186 116 2229 tos
128 2175 168 2229 uti
184 2173 288 2263 possis

113 2253 214 2324 Atqui
236 2271 332 2327 opera,
347 2251 374 2307 id
397 2263 440 2308 est
452 2253 554 2308 virtute
576 2264 605 2306 et
627 2252 775 2319 industria,
791 2254 915 2310 benefici
928 2261 953 2309 et

73 2332 204 2389 liberales
228 2343 319 2395 erunt,
343 2332 465 2405 primum
490 2349 548 2401 quo
571 2331 699 2404 pluribus
727 2332 897 2406 profuerint,
921 2350 952 2389 eo

74 2413 169 2486 plures
184 2411 218 2467 ad
233 2411 354 2485 benigne
369 2409 478 2467 saciond
481 2429 529 2466 um
544 2409 687 2485 adjutores
703 2412 859 2469 habebunt.
901 2410 953 2468 De·

74 2491 139 2548 indo
170 2490 374 2547 consuetudine
408 2490 602 2546 beneficentia
640 2491 794 2566 paratiores
821 2504 906 2547 eruut
928 2502 955 2547 et

74 2582 216 2641 tamquam
235 2570 446 2626 exercitatiores
468 2568 502 2624 ad
525 2570 595 2625 berre
618 2568 652 2626 de
674 2570 771 2625 multis
794 2588 954 2645 promeren-

74 2650 151 2706 dum.
195 2649 332 2707 Praeclare
356 2650 477 2722 epistola
498 2647 619 2718 quadam
642 2648 837 2705 Alexandrum
867 2650 954 2705 filium

74 2729 227 2804 Philippus
243 2738 365 2793 accusat,
382 2727 458 2798 quod
479 2727 627 2799 largitione
643 2728 873 2785 benevolentiam
897 2729 955 2785 Ma·

74 2810 214 2866 redonum
242 2818 429 2864 consectetur.
484 2807 587 2872 “Qua
617 2819 653 2873 te,
683 2808 799 2873 malum,
829 2804 953 2885 (inquit.)

108 2999 181 3041 *ιι
144 3001 181 3041 lo
182 2998 216 3042 cio
228 2996 351 3042 Arrrrrirro.
384 2994 513 3039 Amerinis
525 2998 612 3038 otown
625 2995 653 3038 οι
659 2994 763 3047 Uriona,
775 2996 803 3038 οι
809 2994 889 3039 wlriclt
901 2996 956 3040 noe

74 3049 125 3091 cius
136 3064 185 3093 uas
203 3049 317 3111 probably
329 3060 343 3090 ιι
355 3049 440 3091 nativo.
475 3048 582 3097 Cicero,¹
576 3061 601 3090 ru
621 3048 659 3090 tbo
672 3049 727 3091 artu
740 3060 798 3101 your
809 3050 838 3092 ιιι
855 3049 892 3092 bis
908 3060 955 3101 age,

74 3101 125 3144 doto
128 3103 188 3145 ndod
201 3103 335 3149 ltosciusm
328 3102 439 3144 oinstrm
450 3101 584 3144 accusation
596 3101 624 3143 οι
632 3102 745 3154 parricide
758 3100 860 3151 brought
868 3103 956 3153 acciunt

71 3152 119 3196 blm
133 3154 164 3208 by
175 3170 189 3199 a
202 3155 343 3217 dependant
354 3155 380 3199 ιιι
394 3157 426 3211 Sy
428 3154 470 3198 l.lu
502 3153 557 3198 Tbo
568 3154 662 3196 orat'tou
664 3153 770 3207 ,tboutgb
783 3156 852 3198 not
845 3168 872 3200 ιιι
883 3168 899 3201 ιι
909 3166 956 3211 per·

63 3206 193 3266 secretae,
206 3210 253 3257 still
265 3210 351 3256 existo.
