2054 3946
333 462 403 508 nra.
420 462 440 506 1.
474 461 551 507 cae.
571 461 679 507 xvrn.
912 471 949 524 53

69 571 210 628 beantur:
232 579 272 635 ut,
288 571 413 628 vicinum
429 570 512 626 citius
528 569 669 646 adjuveris
685 573 714 628 in
730 573 866 630 fructibus
888 591 951 647 per-

69 650 225 725 cipiundiS,
242 669 325 721 quam
348 661 395 707 aut
415 650 538 715 fratrem,
553 662 601 705 aut
620 650 806 708 familiarem:
830 651 902 730 [at]
924 652 950 708 si

68 729 106 787 lis
121 729 153 786 in
172 729 282 806 judicio
297 729 343 796 sit,
360 730 552 806 propinquum
568 730 663 804 potius
678 743 705 786 et
719 730 949 802 amicumquam

63 808 199 866 'vicinum
213 807 382 866 defenderis.
425 808 497 866 Haec
518 809 603 884 igitur
623 819 651 866 et
672 811 737 867 talia
757 810 951 886 circumspici·

70 887 146 946 enda
160 897 226 945 sunt
239 888 269 944 in
282 889 360 945 omni
375 887 481 953 officie,
497 899 526 943 et
540 889 716 946 consuetudo
729 891 950 961 exercitatioque

70 967 220 1043 capienda,
235 977 266 1024 nt
280 968 347 1024 boni
361 967 592 1024 ratiocinatores*
609 968 767 1026 officiorum
780 988 844 1025 esse
859 969 952 1044 possi·

70 1065 147 1114 mus,
171 1057 200 1104 et
225 1045 354 1104 addendo
382 1045 603 1117 deducendoque
626 1047 733 1114 videre,
759 1068 821 1120 quae
849 1048 950 1120 reliqui

70 1145 185 1184 summa
198 1125 261 1183 fiat:
285 1144 322 1183 ex
336 1144 403 1199 quo,
419 1127 672 1202 quantum'cuique
688 1125 831 1195 debeatur,
847 1127 950 1185 intelli-

70 1223 132 1284 ges.

111 1283 170 1341 Sed
190 1293 222 1341 ut
241 1303 295 1341 nec
316 1283 429 1352 medici,
451 1303 505 1341 nec
525 1284 720 1360 imperatores,
742 1306 796 1343 nec
814 1298 949 1351 oratores,

71 1364 203 1438 quamvis
225 1365 291 1421 artis
305 1375 447 1440 praecepta
468 1365 655 1440 preceperint,
672 1365 826 1438 quidquam
849 1385 951 1441 magna

70 1442 154 1501 laude
169 1442 286 1519 dignum
302 1444 364 1500 sine
378 1463 431 1501 usu
453 1453 482 1499 et
501 1444 703 1500 exercitatione
725 1445 862 1517 consequi
886 1464 950 1522 poe·

70 1533 157 1581 sunt:
180 1524 223 1580 sic
243 1523 331 1581 officii
352 1522 539 1580 conservandi
566 1535 708 1598 precepta
735 1524 881 1581 traduntur
901 1525 951 1581 illa

70 1601 199 1675 quidem,
224 1615 257 1659 ut
278 1602 397 1659 facimus
424 1602 499 1676 ipsi;
531 1602 582 1657 sed
609 1603 650 1658 rei
673 1603 837 1679 magnitudo
865 1623 949 1660 usum

70 1701 187 1755 quoque
218 1682 506 1752 exercitationemque
535 1680 686 1738 desiderat.
728 1685 821 1753 Atque
851 1684 884 1739 ab
913 1683 949 1738 iis

69 1763 166 1828 rebus,
182 1779 244 1833 quae
259 1771 325 1817 sunt
345 1760 375 1818 in
391 1760 456 1837 jnre
478 1761 620 1816 societatis
642 1762 783 1826 humana,
807 1780 890 1832 quem
914 1761 950 1817 ad

68 1839 187 1899 modum
204 1840 320 1897 ducatur
333 1840 495 1906 honestum,
508 1858 544 1895 ex
561 1858 616 1911 qno
630 1840 740 1915 aptum†
754 1851 798 1896 est
811 1840 948 1905 officium,

68 1920 139 1977 satis
154 1919 212 1976 sere
227 1920 363 1977 diximus.

109 1998 330 2075 Intelligendum
345 2001 388 2055 e'st
403 2007 506 2064 autern,
523 2017 587 2054 cum
609 1999 755 2073 proposita
769 1999 827 2054 sint
846 2017 950 2074 genera

70 2088 201 2152 quatuor,
212 2098 247 2135 ex
258 2080 359 2150 quibus
369 2079 503 2135 honestas
514 2077 697 2149 officiumque
710 2088 843 2145 manaret,
855 2078 949 2154 splen·

70 2157 250 2215 didissimum
266 2158 365 2224 videri,
381 2158 456 2229 qnod
479 2158 574 2213 animo
596 2177 699 2233 magno
720 2158 878 2231 elatoque‚‡
898 2157 949 2214 hu·

70 2256 226 2310 manesque
242 2257 286 2294 res
304 2237 478 2311 despiciente
501 2237 604 2294 facturn
626 2237 671 2293 sit.
714 2237 812 2309 ltaque
835 2239 863 2293 in
884 2257 949 2313 pro-

70 2317 128 2374 bris
145 2317 268 2375 maxime
283 2317 312 2374 in
327 2328 439 2392 promtu
453 2326 505 2384 est,
520 2316 544 2372 si
560 2316 628 2389 quid
643 2317 697 2372 tale
712 2317 769 2373 dici
784 2328 893 2392 potest:

169 2443 221 2492 Vos
232 2443 320 2491 etenim
334 2444 443 2508 juvenes,
455 2443 562 2493 animum
571 2442 651 2505 geritis
662 2442 807 2502 muliebrem,

169 2509 213 2558 llla
224 2510 304 2571 virago
314 2510 380 2569 viri.§

103 2726 118 2755 *
128 2720 323 2766 auraemalae.
356 2719 558 2763 Arithmeticiens:
576 2731 629 2773 qua
640 2718 727 2773 reliqui
737 2730 849 2763 aumrnn:
870 2717 895 2762 id
906 2721 948 2772 est,

68 2778 187 2832 quantum
202 2773 355 2827 relinquatur,
365 2772 470 2816 deductis
482 2779 505 2816 et
517 2772 601 2816 additis
612 2784 664 2826 qua
676 2772 786 2826 oportuit.
803 2772 895 2815 Erasm.

102 2827 119 2883 †
130 2827 229 2881 apuam.
264 2825 322 2869 This
333 2827 353 2869 is
365 2837 380 2868 a
390 2826 512 2880 participle
523 2825 616 2869 derived
629 2825 689 2868 from
701 2839 714 2868 a
724 2824 779 2868 verb
788 2836 820 2867 no
832 2826 912 2877 longer
923 2823 949 2867 in

68 2892 126 2926 use:
144 2879 253 2974 perhaps,
264 2879 360 2933 apacnr.
384 2879 473 2940 'Cicero
485 2878 528 2921 has
537 2879 594 2921 used
607 2878 624 2939 it
635 2879 709 2939 inlthe
721 2890 804 2938 sense3
821 2877 947 2931 composed

68 2935 101 2987 of,
113 2945 213 2988 prepare
242 2932 311 2984 from,
322 2943 348 2974 or
358 2931 422 2974 with.
456 2933 537 2985 Atque
547 2944 578 2975 ex
590 2931 626 2974 lus
637 2930 712 2974 tribus
723 2930 848 2984 generibus
865 2930 950 2973 hones-

69 2991 147 3031 torum
159 2985 252 3038 notatis,
264 2989 374 3039 quartum
386 2997 410 3027 ee
429 2984 498 3036 uitur,
510 2989 592 3040 aptum
604 2996 634 3027 ex
652 2985 697 3028 illis
715 2983 795 3026 tribus.
812 2983 865 3027 Fin.
877 2982 901 3026 ii.
915 2984 949 3027 14.

67 3040 147 3084 Totus
159 3051 172 3081 a
192 3043 231 3099 tus
240 3050 269 3080 ex
281 3050 340 3081 sese.
349 2997 461 3092 paradox.
475 3038 498 3081 ii.
533 3039 614 3081 Causae
624 3038 672 3080 nliae
685 3037 779 3098 ent-aliia
790 3041 858 3090 nptae.
876 3037 949 3098 [luae.

67 3105 90 3137 v.
102 3093 140 3137 25.
174 3052 217 3134 1dee
226 3104 240 3134 r.
252 3091 289 3143 28,
300 3091 357 3145 opta
364 3090 519 3152 compendium
528 3091 737 3135 muneraremur.
749 3089 786 3151 29,
795 3089 849 3143 apin
856 3099 949 3150 patrare.

68 3145 218 3199 Feroniam,
230 3156 295 3186 some
307 3144 371 3197 early
382 3143 483 3187 admone
493 3143 552 3187 have
565 3143 626 3194 here,
638 3145 724 3196 ortum,
734 3141 811 3186 which
822 3142 949 3187 Faecrolatr

68 3199 171 3255 prefers:
191 3197 275 3249 others,
288 3208 314 3239 as
322 3197 376 3240 well
388 3210 413 3239 as
421 3210 486 3240 some
498 3199 575 3247 Mss,
588 3198 678 3241 octrtrn.
929 3247 934 3256 ⁸

103 3256 115 3303 ss
129 3253 251 3304 aratoque.
285 3250 313 3292 In
325 3262 371 3293 oue
382 3252 434 3294 MS.
443 3250 490 3294 this
506 3249 572 3293 word
588 3249 609 3292 is
620 3249 694 3293 found
712 3248 858 3302 transposed,
869 3247 913 3293 but
928 3260 948 3292 re

68 3309 111 3350 not
122 3303 220 3348 omitted
231 3303 257 3345 in
269 3314 324 3357 any.
360 3305 382 3346 lt
390 3303 446 3348 does
455 3307 497 3346 not
508 3315 598 3357 appear
609 3302 633 3345 in
648 3302 802 3354 Heusinger’s
813 3305 870 3345 text.

106 3357 221 3412 §Vtrago
241 3355 293 3400 ciri.
326 3356 402 3400 Theca
426 3369 465 3400 are
485 3369 568 3407 verses,
589 3355 710 3416 probably,
732 3355 760 3398 οἳ
773 3354 884 3409 Ennius,
906 3353 948 3399 but

68 3410 173 3455 whether
183 3409 279 3464 applied
292 3411 315 3452 to
326 3409 404 3464 Clelia,
425 3409 490 3466 (Vel.
501 3411 567 3453 Max.
576 3409 609 3453 i'u.
620 3407 655 3464 2,)
669 3419 693 3452 or
710 3411 733 3452 to
750 3407 836 3461 whom,
854 3407 875 3452 is
892 3408 949 3452 alu»

65 3463 148 3518 gether
160 3462 290 3508 uncertain.
500 3518 516 3556 κ

930 3646 945 3725 l
