2054 3946
419 423 497 469 cAP.
521 421 613 470 XVII.
899 431 954 486 277

68 534 149 599 plures
160 531 200 582 det
211 530 256 581 sibi
267 538 388 595 tamquam
400 548 470 580 ansas
479 532 509 580 ad
521 531 741 594 reprehendendum
753 550 759 581 :
771 546 864 580 rursum
876 542 956 583 autam

68 600 212 651 tentassetis
224 600 402 662 commodisque
413 600 543 648 amicorum
562 615 657 648 neeesse
669 600 713 648 erit
724 600 787 660 angi,
799 600 885 657 dolere,
897 601 946 649 mvi

69 669 133 718 dere.

104 734 187 794 Quare
198 733 245 782 hoc
257 733 352 796 quidem
371 741 513 796 preceptum
528 732 712 798 (cujuscumque
724 736 771 799 cst)
786 733 814 780 ad
829 733 956 782 tollendam

70 801 199 850 amicitiam
212 802 280 848 valet
315 801 376 848 lllud
394 801 473 863 potins
485 801 668 863 praecipiendum
679 800 731 859 luit,
744 809 771 848 ut
788 817 841 848 eam
858 801 957 860 diligen·

70 869 129 916 tiam
147 867 314 916 adhiberemus
334 867 360 915 in
379 867 488 915 amicitiis
506 868 678 930 comparandis,
690 876 717 916 ut
735 869 861 930 nequando
879 882 957 916 arnare

69 934 230 998 inciperemus
247 950 311 991 eum,
323 950 393 996 quem
406 934 534 996 aliquando
549 933 626 982 odisse
644 949 774 997 possemus.
809 935 957 992 Quinetiam,

70 1001 92 1051 si
103 1001 185 1051 minus
195 1000 275 1049 felices
287 1001 312 1048 iu
323 1000 448 1062 deligendo
460 1001 595 1058 fuissemus,
607 1001 731 1050 ferendum
742 1002 765 1049 id
779 1001 859 1064 Scipio
871 1002 957 1065 potius,

71 1084 143 1131 quam
155 1067 333 1116 inimicitiarum
345 1076 439 1131 tempus
451 1068 612 1129 cogitandum,
624 1070 729 1131 putabat.

105 1197 187 1247 XVII.
204 1197 252 1247 His
268 1198 342 1259 igitur
357 1199 445 1248 linibus
461 1199 578 1248 utendum
594 1199 697 1257 arbitror,
712 1208 747 1258 ut,
764 1215 820 1248 cum
838 1199 958 1248 emended

72 1281 151 1316 rnores
162 1265 293 1314 amicorum
310 1264 365 1324 sint,
377 1277 428 1314 tum
446 1266 476 1314 sit
493 1265 555 1314 inter
571 1282 612 1313 eos
630 1266 738 1315 omnium
751 1282 837 1323 rerum,
849 1267 958 1315 consilio-

73 1349 133 1391 rum,
144 1333 302 1389 voluntatum,
320 1332 371 1379 sius
390 1334 438 1381 ulla
454 1333 601 1396 exceptione,
612 1331 786 1389 communitas:
805 1343 838 1391 ut,
850 1333 920 1381 etiam
937 1333 958 1382 si

72 1416 120 1462 (pua
132 1399 227 1448 sorttma
244 1398 361 1457 acciderit,
372 1408 399 1447 ut
411 1400 491 1448 minus
505 1401 575 1464 justa
592 1400 722 1448 amicorum
741 1402 874 1449 voluntates
892 1400 958 1464 adJ'u·

73 1463 156 1515 vando
168 1465 260 1524 sintin
272 1466 358 1528 quibus
369 1481 451 1515 eorum
469 1475 511 1515 aut
522 1476 593 1530 caput
610 1474 694 1528 agatur
704 1476 746 1515 aut
756 1466 826 1524 fania,
838 1467 959 1515 declinan-

73 1533 132 1582 dum
149 1532 180 1582 sit
190 1533 219 1582 de
232 1533 276 1589 via,
289 1533 359 1581 modo
372 1549 402 1581 ne
420 1547 514 1582 summa
532 1533 652 1597 turpitudo
669 1542 789 1596 sequatur.
823 1533 869 1581 Est
885 1535 958 1590 enim,

73 1608 193 1663 quatenos
213 1599 322 1648 amicitia
339 1599 389 1648 dari
406 1601 476 1648 venia
498 1601 578 1664 possit.
612 1598 666 1648 Nec
684 1616 739 1648 uero
758 1599 900 1661 negligenda
923 1611 959 1650 est

73 1667 151 1715 faura:
169 1683 214 1716 nec
230 1667 348 1715 mediocre
360 1669 433 1716 tolum
452 1669 481 1715 ad
494 1684 529 1715 res
547 1668 661 1728 gerendas
672 1667 807 1716 existimare
819 1675 910 1730 oportet
920 1670 960 1716 be·

74 1734 234 1782 nerolentiam
245 1733 348 1791 civium3
366 1750 438 1796 quam
450 1733 569 1783 blanditiis
580 1741 604 1782 et
615 1734 757 1782 assentando
769 1735 878 1795 colligere
890 1745 958 1799 turpe

74 1809 118 1850 est.
151 1797 242 1858 Virtus,
254 1816 327 1862 quam
339 1800 445 1863 sequitur
456 1800 547 1860 caritas,
559 1801 657 1849 minime
669 1801 814 1864 repudianda
825 1810 867 1849 est.

108 1865 157 1916 Sed
168 1883 229 1930 sepe
244 1865 344 1929 (etenim
355 1869 424 1916 redeo
436 1869 466 1916 ad
484 1868 628 1931 Scipionem,
640 1869 709 1932 cujus
727 1869 804 1916 omnis
822 1884 898 1916 sermo
909 1877 959 1917 erat

74 1933 231 2000 deamicitia)
246 1935 393 1997 querebatur,
405 1934 469 1996 quod
480 1934 590 1984 omuibus
608 1935 634 1983 in
652 1937 721 1983 rebus
738 1934 848 1983 homines
859 1933 959 1996 diligen·

74 2001 145 2050 tiores
162 2010 255 2060 essent3
274 2008 300 2049 ut
312 2017 393 2064 capras
404 2010 428 2050 et
445 2018 501 2050 oves
512 2011 570 2064 quot
581 2002 682 2065 quisque
699 2001 802 2059 haberet,
814 2002 890 2050 dicere
906 2019 959 2065 pos-

73 2075 125 2126 set3
142 2068 231 2116 amicos
249 2075 306 2131 quot
322 2069 426 2126 haberet,
443 2084 492 2117 non
510 2078 590 2131 posset
606 2067 697 2117 dicere:
715 2078 739 2117 et
756 2068 780 2117 in
799 2069 845 2117 illis
863 2069 958 2131 quidem

74 2134 184 2199 [arandis
196 2134 306 2183 adhibere
317 2151 406 2191 euram,
418 2135 444 2183 in
456 2135 538 2183 amicis
550 2135 665 2197 eligendis
676 2135 824 2197 negligentes
836 2153 902 2185 esse:
914 2153 959 2186 nac

73 2202 160 2250 habere
172 2201 239 2264 quasi
251 2201 320 2262 signa
331 2202 438 2264 quadam
450 2211 474 2250 et
485 2210 561 2260 notas,
573 2202 660 2266 quibus
671 2219 718 2260 eos,
730 2202 772 2266 qui
789 2203 819 2251 ad
830 2202 958 2252 amicitiam

74 2277 155 2317 essent
171 2266 257 2326 idonei,
272 2267 413 2332 judicarent.
447 2268 511 2318 Sunt
528 2268 600 2330 igitur
616 2269 686 2329 firmi,
703 2277 727 2318 et
743 2270 845 2328 stabiles,
863 2278 888 2318 et
903 2288 960 2320 con·

74 2343 165 2384 stantes
184 2335 303 2396 eligendi3
318 2337 388 2400 eujus
405 2336 498 2397 generis
514 2345 551 2386 est
573 2352 661 2398 magna
677 2338 792 2401 penuria:
816 2346 840 2386 et
853 2338 959 2401 judicare

74 2401 169 2452 rlillicile
181 2411 218 2451 est
234 2419 299 2461 sane,
310 2401 357 2451 nisi
374 2412 513 2466 expertum:
532 2402 702 2467 experiendum
720 2414 800 2453 autem
817 2414 853 2453 est
865 2405 889 2453 in
907 2406 959 2469 ipsa

75 2469 186 2519 amicitia.
220 2468 257 2517 Ita
280 2469 400 2533 praeurrit
420 2469 523 2519 amicitia
543 2469 669 2536 judicium,
692 2471 799 2534 tollitque
822 2472 959 2535 experiendi

75 2544 222 2601 potestatem.

108 2602 154 2651 Est
165 2602 238 2664 igitur
248 2603 379 2666 prudentis,
392 2604 515 2663 sustinere,
527 2612 667 2665 stannum,
680 2605 714 2654 sie
731 2605 847 2667 impetum
858 2607 959 2654 benevo-

75 2669 169 2728 lentia3
187 2685 234 2732 quo
245 2679 347 2728 utamur,
359 2671 426 2733 quasi
438 2672 505 2735 equis
517 2672 620 2731 tentatis,
632 2671 666 2720 sic
678 2669 795 2729 amicitiis,
804 2671 883 2734 aliqua
894 2681 959 2735 parte

74 2736 210 2799 periclitatis
228 2736 334 2784 moribus
353 2738 490 2787 amicorum.
524 2738 629 2797 Quidam
646 2755 707 2803 sapa
724 2739 750 2786 in
769 2753 840 2800 parva
858 2739 959 2801 pecunia

75 2803 256 2866 perspiciuntur,
268 2820 340 2866 quarn
357 2805 406 2853 sint
420 2805 499 2854 leves:
517 2806 621 2867 quidam,
633 2822 693 2868 quos
710 2821 782 2869 parva
799 2821 893 2854 movere
909 2821 959 2854 non

76 2871 160 2932 potuit,
171 2879 349 2932 cognoscuntur
359 2870 385 2919 in
398 2887 492 2933 magna.
526 2872 571 2920 Sin
582 2888 637 2921 voro
647 2880 716 2921 erunt
727 2869 800 2934 aliqui
812 2871 904 2934 reperti,
918 2871 959 2936 qui

76 2938 202 3000 pecuniam
215 2937 319 3000 preferre
331 2935 446 2997 amicitia,
458 2937 579 2988 sordidum
590 2935 741 2997 existiment3
758 2937 799 2987 ubi
810 2955 851 2987 eos
868 2940 960 2988 inveni·

75 3018 151 3063 emus,
163 3002 205 3066 qui
222 3004 331 3062 honores,
342 3002 501 3067 magistratus,
512 3003 617 3070 imperia,
629 3012 763 3070 potestates,
776 3021 839 3067 opes,
851 3005 959 3056 amicitia

77 3086 126 3118 non
142 3079 302 3134 anteponaut3
319 3080 354 3130 ut,
366 3088 421 3121 cum
437 3088 468 3120 ex
486 3073 558 3122 ultera
575 3080 641 3135 parte
657 3087 700 3136 pro
743 3070 777 3120 ita
793 3072 844 3121 brec
860 3072 916 3132 sint,
927 3088 959 3123 ex

77 3138 149 3185 altera
157 3138 198 3202 jus
209 3137 325 3196 amicitia,
334 3155 383 3187 non
396 3138 471 3188 multo
479 3138 521 3189 llla
531 3137 630 3188 malintl
665 3137 701 3188 lm
744 3135 785 3187 illa
796 3138 861 3188 enim
874 3152 960 3190 natura

76 3212 112 3252 est
123 3205 153 3252 ad
164 3206 363 3255 contemnendam
374 3205 521 3270 potentiam:
539 3221 611 3284 quarn
621 3205 693 3275 edam
704 3204 725 3253 si
736 3205 844 3266 neglecta
855 3207 960 3257 amicitia

76 3272 198 3320 consecuti
216 3280 280 3330 sunt,
291 3272 442 3322 obscuratum
459 3273 487 3322 iri
504 3271 651 3335 arbitramur,
663 3271 720 3336 quia
735 3286 786 3321 non
802 3271 854 3322 sins
871 3288 960 3336 magna

77 3352 150 3386 eausa
160 3337 191 3387 sit
202 3340 310 3400 neglecta
320 3336 430 3389 amicitia.

110 3403 192 3469 ltaque
205 3419 263 3454 vera
275 3404 382 3456 mnicltie
394 3404 537 3534 difficillirpq
548 3405 698 3474 reperiuntur
707 3404 733 3458 in
751 3404 781 3457 ils
792 3406 833 3473 qul
844 3407 870 3458 iu
884 3407 950 3459 boae
