2054 3946
98 130 157 184 270
406 122 453 167 us
474 123 679 169 arrrcrrm.

131 231 174 281 tx.
193 231 264 291 Quod
285 231 306 279 ai
324 238 390 280 tauta
401 231 436 279 vis
452 231 573 294 probitatis
592 240 635 290 eut,
648 238 677 281 ut
696 248 757 288 eam,
768 233 806 281 val
826 230 853 280 in
872 232 907 281 eis
924 248 982 295 quos

98 313 223 361 nunquam
243 298 353 356 vidimus,
366 300 402 347 vel
420 299 495 362 (quod
512 300 591 362 majus
610 303 657 365 est)
672 299 698 346 in
717 299 786 347 hoste
808 298 889 358 etiam,
902 299 982 360 diliga-

99 382 167 424 mus;
179 365 234 427 quid
248 365 342 421 mirum,
350 366 371 414 si
383 367 457 414 animi
469 366 594 414 hominum
602 374 749 423 moveantur,
761 383 818 414 cum
830 383 920 424 eorum,
932 367 983 428 qui·

98 433 199 481 buscum
216 449 262 494 usu
280 432 402 497 conjuncti
413 449 465 481 esse
477 441 582 496 possunt,
595 432 707 481 virtutem
719 441 743 480 et
753 434 886 482 bonitatem
898 433 983 496 perspi·
1016 460 1019 465 ·

96 516 150 548 cere
167 499 309 547 videantur!
347 500 501 562 Quamquam
520 500 673 548 confirmatur
689 516 755 548 amor
772 509 798 548 et
814 501 931 549 beneficio
947 517 983 548 ac·

97 576 173 629 capto,
185 577 209 614 et
220 566 298 614 studio
309 577 439 629 perspecto,
451 575 475 615 et
486 567 658 615 cousuetudine
669 567 797 631 adjuncta:
815 568 903 630 quibus
915 569 983 616 rebus

98 634 127 682 ad
147 633 215 681 illurn
233 633 336 696 primum
355 642 447 683 motum
467 633 541 681 animi
558 642 582 681 et
599 634 685 682 amoris
704 633 822 690 adhibitis,
840 634 982 682 admirabilis

97 701 206 762 quredaru
217 699 348 748 exardescit
365 701 532 750 benevolentiae
550 700 704 762 magnitud03
722 717 795 763 quam
807 701 828 749 si
840 701 882 764 qui
899 710 982 765 putant

97 769 127 815 ab
146 767 304 815 imbecillitate
324 766 446 829 proficisci,
465 776 491 816 ut
510 767 548 824 sit,
566 783 607 830 per
627 783 699 830 quem
716 767 817 830 quisque
837 778 982 831 assequatur,

97 834 160 896 quod
172 834 300 892 desiderem
317 833 433 884 humilem
450 851 508 883 sane
525 835 670 896 relinquunt,
682 841 706 882 et
723 835 823 883 minime
841 852 981 896 generosum

30 958 33 963 ,
100 899 140 963 (ut
151 901 185 948 ita
195 900 298 973 dicum),
311 908 388 949 ortum
405 901 520 960 amicitia,
532 917 604 963 quam
622 917 653 950 ex
664 901 745 964 inopia
763 911 834 964 atque
852 901 982 963 indigentia

96 976 180 1016 natam
188 969 279 1017 volunt.

131 1035 203 1093 Quod
215 1034 235 1082 si
247 1034 279 1082 ita
291 1042 367 1093 esset3
385 1043 412 1083 ut
424 1035 523 1098 quisque
540 1033 669 1083 minimum
686 1035 712 1084 in
724 1052 749 1083 se
761 1051 812 1083 esse
828 1035 981 1092 arbitraretur,

96 1100 130 1149 ita
142 1102 171 1149 ad
183 1100 312 1150 amicitiam
320 1109 382 1150 esset
392 1102 544 1166 aptissimus:
557 1102 619 1164 quod
632 1103 703 1164 longe
715 1119 784 1151 secus
796 1110 840 1151 est
875 1103 911 1151 Ut
918 1102 980 1151 enim

97 1167 197 1230 quisque
213 1168 257 1215 eibi
275 1168 405 1231 plurimum
422 1169 526 1225 confidit,
538 1176 562 1216 et
579 1176 606 1216 ut
622 1170 723 1231 quisque
740 1169 845 1217 maxime
858 1169 943 1218 virtute
959 1177 981 1216 et

97 1234 213 1297 supientia
224 1235 258 1283 sic
269 1235 377 1283 munitus
388 1242 430 1294 est,
442 1245 469 1284 ut
481 1236 547 1283 nullo
564 1242 639 1295 egeat,
649 1252 739 1298 suaque
758 1236 840 1283 omnia
851 1235 876 1283 in
895 1253 920 1284 se
932 1235 980 1299 ipso

96 1302 174 1364 posita
185 1302 290 1366 judicet;
308 1302 341 1350 ita
352 1301 377 1349 in
390 1301 499 1351 amicitiis
510 1301 649 1364 expetendis
661 1302 814 1365 colendisque
826 1302 931 1351 maxime
943 1319 981 1351 ex·

96 1369 168 1417 cellit.
202 1369 268 1428 Quid
279 1370 344 1417 enim
356 1369 484 1418 Africanus
496 1369 606 1429 indigens
623 1369 687 1417 mcii
724 1369 834 1426 Minime,
845 1370 937 1417 hercle:
955 1385 981 1418 ac

96 1450 128 1483 ue
139 1452 184 1497 ego
196 1435 292 1498 quidam
312 1435 392 1485 illius:
409 1437 451 1485 sed
469 1452 514 1496 ego
531 1435 685 1485 admiratione
697 1438 800 1499 quadam
812 1436 907 1485 virtutis
924 1439 979 1502 ejus,

96 1501 136 1550 ille
155 1503 257 1551 vicissim
276 1503 388 1565 opinione
408 1504 505 1551 fortasse
522 1504 647 1561 nonnulla,
659 1520 731 1566 quarn
752 1504 781 1551 de
798 1504 859 1551 meis
878 1505 981 1552 moribus

97 1568 204 1627 babebat,
216 1586 255 1617 me
263 1569 359 1618 dilexit:
372 1569 439 1619 auxit
450 1569 638 1618 benevolentiam
647 1571 801 1619 consuetudo.
837 1570 893 1627 Sed,
902 1587 980 1634 quam·

96 1652 169 1698 quam
182 1637 293 1684 utilitates
306 1640 384 1686 multae
396 1646 420 1685 et
436 1653 528 1698 magna
545 1646 677 1685 consecutae
688 1649 752 1695 sunt,
764 1653 814 1685 non
833 1646 892 1685 sunt
902 1642 980 1685 tamen

96 1704 127 1750 ab
138 1719 219 1752 earum
231 1719 273 1765 epe
284 1720 361 1752 cause
372 1704 486 1765 diligendi
499 1703 614 1766 profecte.

131 1769 165 1818 Ut
176 1770 240 1818 enirn
252 1771 351 1820 benefici
368 1771 520 1833 liberalesque
532 1786 622 1827 sumus,
635 1786 683 1817 non
695 1778 722 1819 ut
740 1769 866 1830 exigamus
883 1769 980 1831 gratiam

99 1835 190 1899 (neque
202 1837 266 1885 enim
280 1837 420 1886 beneficium
431 1838 595 1902 soerreramur),
607 1838 648 1885 sed
661 1846 745 1886 natura
756 1836 868 1900 propensi
886 1838 915 1885 ad
927 1837 980 1885 libe-

97 1903 213 1951 ralitatem
231 1921 329 1961 sumus;
355 1904 390 1953 sic
407 1904 542 1961 amicitiam,
560 1920 609 1951 non
627 1920 669 1966 spe
686 1903 800 1952 mercedis
818 1904 922 1961 adducti,
940 1904 979 1951 sed

96 1970 159 2032 quod
172 1969 250 2017 omnis
259 1971 311 2034 ejus
320 1972 412 2020 fructus
422 1971 447 2018 in
461 1971 512 2034 ipso
524 1987 603 2019 amore
613 1970 682 2030 inest,
690 1970 848 2033 expetendam
862 1980 979 2034 putamus.

130 2037 170 2084 Ab
181 2036 218 2093 iis,
231 2038 272 2099 qui
290 2039 409 2100 pecudum
421 2039 467 2086 ritu
485 2038 513 2086 ad
526 2039 670 2100 voluptatem
688 2037 769 2085 omnia
785 2037 898 2096 referunt,
911 2041 980 2099 longe

96 2101 265 2151 dissentimus:
284 2120 329 2152 nec
340 2105 442 2152 mirum:
461 2105 520 2153 nibil
538 2104 602 2152 enirn
614 2105 695 2161 altum,
708 2104 768 2152 nibil
786 2105 942 2165 magnificum
954 2121 980 2153 ac

96 2169 212 2222 divinum.
225 2170 342 2233 suspicere
360 2180 466 2233 possunt,
483 2172 524 2233 qui
544 2187 600 2219 suas
620 2187 703 2219 omnes
720 2171 876 2232 cogitationes
893 2173 980 2236 abjece-

97 2245 153 2284 runt
164 2236 189 2284 in
202 2247 311 2285 renatam
329 2238 451 2295 humilem,
464 2247 559 2300 tamque
570 2246 721 2299 contemtum.
755 2238 925 2297 Quamobrem,
937 2240 980 2287 bos

96 2303 192 2365 quidem
211 2306 240 2351 ab
260 2305 305 2352 hoc
320 2321 428 2352 sermone
448 2321 627 2353 removeamus:
645 2305 690 2367 ipsi
710 2313 791 2353 aut-em
811 2304 980 2367 intelligamus,

96 2378 181 2417 natura
200 2370 267 2431 gigni
287 2388 385 2420 sensum
405 2372 526 2432 diligendi,
543 2381 568 2420 et
584 2373 753 2420 benevolentia
773 2371 904 2431 caritatem,
920 2373 980 2421 facta

96 2437 270 2497 significatione
282 2438 401 2500 probitatis
411 2456 417 2498 ;
435 2456 507 2500 quarn
519 2439 560 2501 qui
572 2438 743 2500 appetiverunt,
755 2439 877 2500 applicant
888 2456 946 2496 sese,
958 2448 980 2487 et

96 2505 193 2566 propius
206 2505 339 2563 admovent,
352 2515 378 2553 ut
389 2515 414 2554 et
425 2522 471 2553 usu
486 2507 545 2569 ejus,
557 2522 628 2568 quem
645 2505 742 2564 diligere
759 2515 889 2567 coepcrunt,
902 2507 980 2554 fruan-

96 2578 142 2627 tur,
154 2581 178 2618 ct
195 2572 314 2630 moribus;
332 2573 426 2634 sintque
442 2589 509 2634 pares
530 2573 555 2620 in
572 2588 659 2628 amore,
671 2580 694 2618 et
711 2574 827 2633 aequales;
846 2574 979 2635 propensio·

97 2653 180 2699 resque
201 2639 230 2685 ad
250 2642 309 2687 bene
329 2640 474 2697 merendum,
494 2656 565 2701 quarn
584 2639 613 2686 ad
632 2640 820 2700 reposcendum:
840 2649 910 2702 atque
932 2641 979 2686 hac

97 2708 161 2751 rntcr
172 2721 212 2751 cos
221 2705 252 2753 sit
261 2708 361 2755 honesta
371 2706 473 2753 certatio.
507 2706 548 2753 Sic
559 2714 582 2752 et
590 2705 702 2753 utilitates
714 2722 743 2753 ex
756 2705 860 2753 amicitia
872 2707 978 2754 maxime

96 2773 236 2832 capientur3
261 2783 284 2821 et
304 2773 349 2819 eris
370 2774 422 2836 ejus
440 2781 505 2820 ortus
525 2790 539 2820 a
558 2780 649 2828 natura,
669 2789 741 2834 quam
766 2776 794 2820 ab
814 2772 978 2828 imbecillitate,

97 2846 121 2885 et
143 2839 236 2897 gravior
258 2849 281 2887 et
304 2839 386 2888 verior.
418 2840 491 2897 Nam,
509 2839 529 2886 si
550 2839 638 2886 utilitas
661 2839 776 2886 amicitias
799 2840 978 2898 conglutinaret,

97 2905 180 2952 eadem
192 2915 336 2954 commutata
347 2907 497 2954 dissolveret:
516 2907 563 2963 sed,
572 2906 628 2966 quia
639 2916 724 2953 natura
736 2905 823 2954 mutari
835 2922 885 2954 non
896 2916 977 2968 potest,

98 2971 184 3018 idcirco
196 2989 254 3021 vcrae
273 2973 380 3020 anricitiaa
397 2973 544 3036 sempiternae
556 2981 619 3020 sunt.
653 2973 739 3020 Ortum
757 2973 855 3036 quidem
872 2973 977 3021 amicitia

99 3037 181 3084 videtis
201 3039 246 3086 nisi
259 3040 315 3104 quid
328 3041 356 3087 ad
369 3042 418 3088 hac
430 3041 488 3087 sorte
500 3039 578 3087 vultis.

121 3106 252 3158 Fannius.
275 3108 314 3158 I'u
326 3124 381 3158 vero
398 3124 477 3174 perge,
493 3106 566 3156 Lali:
584 3122 626 3171 pro
642 3107 689 3154 hcc
705 3105 777 3164 enim,
790 3106 831 3169 qui
849 3106 927 3155 minor
943 3113 976 3154 est
