2054 3946
66 185 124 239 280
375 179 423 225 ou
447 176 643 225 aniciam.

66 288 171 353 adjuves,
183 288 307 338 sustinere.
352 287 411 337 Non
430 287 495 336 enim
514 294 541 336 tu
562 286 645 350 possis,
662 285 821 350 quantumvis
844 287 955 344 excellas,

66 372 149 403 omncs
160 364 214 405 tuos
226 356 255 404 ad
267 356 369 404 honores
381 354 539 417 amplissimos
550 354 691 417 perducere;
709 361 738 401 ut
749 352 834 416 Scipio
848 353 879 403 P.
887 354 955 404 Ruti·

66 423 124 472 lium
142 423 219 486 potuit
237 423 361 471 consulem
376 422 476 479 efficere,
488 420 582 469 fratrem
600 421 652 484 ejus
671 419 779 468 Lucium
798 436 851 470 non
870 421 954 485 potuit.

67 489 138 549 Quod
150 491 170 538 si
182 490 252 538 etiarn
274 488 350 552 possis
370 489 464 551 quidvis
480 488 569 537 deferre
586 488 616 536 ad
635 489 743 545 alterum,
761 487 898 538 videndum
919 497 955 538 cst

66 564 153 614 tamen,
165 557 223 619 quid
232 557 270 604 ille
283 555 357 618 possit
369 555 494 604 sustinere.

99 623 207 671 Omnino
217 622 332 680 amicitis,
343 621 497 670 corroboratis
507 622 559 686 jam
570 619 764 683 confirmatisque
775 629 800 669 et
811 620 920 682 ingeniis
931 631 954 672 et

65 690 179 747 rotatibus,
188 689 321 754 judicando
337 695 411 736 sunt:
430 704 483 745 nec,
495 688 576 752 siqui,
588 688 687 736 ineunte
704 695 783 745 aetate,
794 689 902 737 venandi
913 697 954 738 ant

65 757 118 820 pilo
139 756 238 805 studiosi
258 755 353 811 luerint,
369 770 410 803 eos
431 755 517 803 habers
536 755 681 803 necessarios
701 762 802 818 oportet,
818 771 881 818 quos
902 765 953 805 tum

65 823 149 871 eodem
168 823 246 872 studio
264 823 374 886 preditos
395 821 693 876 dilexerunt:.istoeni1n
713 822 786 870 modo
805 823 914 871 nutrices
930 832 952 871 et

65 891 194 954 pedagogi,
208 891 262 953 jure
285 889 417 946 vetustatis,
437 889 566 951 plurimum
590 889 760 937 benevolentia
781 890 951 952 postulabunt:

65 957 107 1018 qui
119 957 253 1016 negligendi
270 955 367 1018 quidem
384 972 433 1004 non
452 965 516 1012 sunt,
528 956 570 1005 md
587 957 633 1004 alio
644 956 748 1018 quodam
766 957 840 1004 modo
852 957 951 1006 colendi.

65 1025 142 1073 Aliter
153 1023 261 1071 amicitia
279 1023 373 1070 stabiles
391 1038 527 1085 permanere
544 1039 594 1071 non
612 1033 719 1086 possunt.
754 1022 871 1086 Dispares
888 1024 951 1074 enim

65 1107 149 1147 mores,
161 1088 264 1152 disparia
281 1089 366 1146 studia,
383 1097 523 1151 sequuntur,
535 1106 637 1152 quorum
654 1088 824 1138 dissimilitudo
842 1090 951 1140 dissociat

65 1156 195 1206 amicitias:
220 1172 272 1212 nec,
284 1157 313 1203 ob
334 1155 406 1204 aliam
426 1172 524 1205 causam
541 1158 624 1216 ullam,
638 1156 695 1205 boni
712 1156 834 1220 improbis,
851 1157 951 1221 improbi

66 1224 142 1281 bonis,
151 1223 221 1270 amici
232 1239 284 1270 esse
296 1238 345 1270 non
357 1231 465 1284 possunt,
473 1223 520 1271 nisi
532 1225 596 1286 quod
608 1231 674 1273 tanta
686 1231 722 1271 est
733 1212 795 1272 inter
804 1240 854 1282 eos,
862 1237 951 1288 quanta

67 1290 173 1339 maxima
185 1298 332 1352 potestesse,
345 1306 438 1338 morum
450 1290 631 1353 studiorumque
643 1291 762 1339 distantia

101 1357 175 1404 Recte
187 1356 258 1404 etiam
270 1356 364 1419 praecipi
375 1365 453 1420 potest
464 1356 489 1405 in
502 1357 619 1414 amicitiis,
631 1373 663 1406 na
675 1357 832 1422 intemperata
843 1358 949 1421 quedam

66 1424 230 1472 benevolentia
244 1423 320 1485 (quod
332 1439 434 1486 persepe
452 1424 491 1490 lit)
507 1424 620 1487 impediat
639 1440 740 1485 magnas
758 1425 874 1474 utilitates
894 1425 949 1475 ami·

66 1505 156 1540 corum.
189 1491 243 1539 Nec
254 1490 319 1539 enim
334 1488 373 1552 (nt
383 1490 413 1538 ad
425 1490 515 1539 fabulas
532 1492 639 1556 redeam)
659 1491 759 1556 Trojam
775 1491 950 1556 Neoptolemus

66 1573 149 1620 capere
160 1557 282 1621 potuisset,
291 1557 312 1605 si
324 1556 493 1620 Lycomedem,
505 1559 568 1621 apud
580 1575 651 1622 quem
669 1566 719 1606 erat
735 1559 858 1617 educatus,
871 1559 950 1609 muas

66 1639 122 1673 cnm
140 1624 249 1688 lacrymis
261 1624 304 1672 iter
315 1640 387 1673 suum
403 1624 580 1688 impedientem,
592 1626 672 1674 audire
684 1626 804 1675 voluisset.
838 1627 873 1675 Et
889 1642 949 1690 sape

66 1690 176 1740 incidunt
193 1707 285 1752 magne
297 1708 341 1749 res,
352 1699 381 1740 ut
397 1691 567 1740 discedendum
584 1693 615 1740 sit
626 1695 656 1741 ab
668 1692 764 1750 amicis3
781 1710 843 1755 quas
855 1693 897 1756 qui
908 1693 949 1742 im·

66 1759 146 1823 pedire
158 1760 215 1817 vult,
227 1760 290 1822 quod
302 1758 445 1808 desidorium
464 1775 514 1808 non
534 1759 602 1807 facile
619 1759 684 1817 ferat,
696 1760 725 1819 is¹
734 1768 759 1808 et
775 1759 887 1809 infirmus
907 1769 949 1818 cst,

66 1826 191 1889 mollisque
209 1834 343 1883 naturast,
356 1827 385 1874 ob
405 1843 459 1875 eam
478 1826 555 1888 ipsam
576 1843 679 1884 causam,
697 1827 723 1874 in
741 1827 846 1875 amicitia
866 1844 949 1890 parum

68 1895 155 1957 justus.
189 1893 271 1956 Atque
282 1894 307 1941 in
320 1893 386 1941 omni
398 1908 422 1942 re
434 1893 633 1942 considerandum
644 1902 688 1952 est,
700 1901 724 1942 et
734 1894 792 1957 quid
803 1897 912 1958 postules
921 1895 948 1942 ab

66 1960 150 2019 amico,
159 1969 182 2008 et
193 1961 250 2023 quid
262 1960 350 2024 patiare
363 1977 378 2008 a
389 1968 412 2008 ta
424 1960 551 2024 impetrari.

98 2093 167 2141 XXI.
185 2092 231 2140 Est
242 2093 312 2141 etiam
325 2092 393 2154 quasi
405 2093 513 2156 quadam
521 2093 642 2142 calamitas
650 2092 675 2141 in
684 2092 794 2141 amicitiis
803 2093 947 2142 dimittendis

65 2174 240 2220 nonnunquam
258 2159 404 2207 necessaria:
420 2161 470 2224 jam
488 2161 553 2209 enim
565 2178 579 2208 a
590 2160 732 2223 sapientium
750 2160 948 2209 familiaritatibus

65 2225 95 2273 sd
116 2227 224 2286 vulgares
242 2225 357 2273 amicitias
376 2226 450 2274 oratio
469 2236 550 2275 nostra
565 2227 686 2275 delabitur.
729 2227 871 2289 Erumpunt
888 2242 947 2291 steps

66 2291 339 2350 vitiaamicorum,cum
357 2292 382 2339 in
404 2292 468 2355 ipsos
492 2294 587 2351 amicos,
600 2302 652 2342 tum
671 2294 696 2341 in
716 2294 822 2351 alienos;
847 2310 947 2357 quorum

65 2365 145 2406 tamen
158 2360 186 2406 ad
200 2360 288 2408 amicos
310 2359 425 2407 redundet
443 2359 549 2407 infamia.
583 2361 655 2408 Tales
674 2361 746 2420 igitur
764 2361 875 2409 amicitia
892 2369 948 2410 sunt

65 2426 203 2474 remissione
215 2444 273 2475 usus
285 2425 398 2479 eluendis.
408 2434 432 2474 et
446 2426 485 2487 (ut
497 2426 614 2474 Catonem
623 2428 700 2475 dicere
712 2427 804 2492 audivi)
815 2428 947 2476 dissuenda

65 2493 148 2551 magis,
166 2510 236 2553 quam
257 2493 430 2542 discindenda:
454 2493 501 2541 nisi
519 2495 625 2556 quaedam
646 2495 774 2542 admodum
795 2495 947 2543 intolerabilis

64 2556 152 2619 injuria
164 2560 283 2617 exarserit,
293 2569 320 2608 ut
331 2576 409 2621 neque
420 2569 512 2608 rectum
526 2577 604 2622 neque
615 2561 742 2608 honestum
760 2561 798 2617 sit,
808 2578 886 2624 neque
898 2562 946 2610 fieri

66 2624 148 2683 possit,
161 2634 187 2672 nt
200 2643 247 2674 non
257 2627 337 2674 statim
349 2627 459 2675 alienatio
471 2628 646 2690 disjunctioque
658 2627 765 2674 facienda
777 2628 814 2676 sit.

99 2690 143 2738 Sin
155 2702 235 2740 autem
248 2709 341 2741 morum
353 2702 394 2740 aut
405 2695 537 2743 studiorum
556 2694 710 2742 commutatio
722 2695 830 2755 quadam
846 2695 886 2755 (ut
897 2695 947 2743 lieri

64 2756 135 2822 solet)
150 2757 211 2807 sacta
228 2759 278 2816 erit,
290 2768 332 2807 aut
344 2760 369 2807 in
381 2761 514 2822 reipublicae
533 2761 637 2822 partibus
655 2761 772 2808 dissensio
791 2761 947 2810 intercesserit

67 2821 162 2884 (loquor
179 2826 243 2874 enim
258 2827 316 2889 jam,
329 2835 356 2875 ut
373 2830 443 2888 paulo
456 2836 510 2876 ante
522 2828 579 2884 dixi,
592 2844 640 2876 non
653 2829 682 2875 de
694 2828 846 2890 sapientium,
859 2830 900 2877 sed
918 2829 946 2876 de

63 2892 238 2947 communibus,
249 2893 378 2957 amicitiis)
393 2896 526 2942 cavendum
546 2896 596 2952 erit,
614 2911 645 2943 ne
667 2911 714 2941 non
738 2896 815 2942 solum
838 2895 946 2944 amicitia

63 2953 182 3017 deposita,
194 2960 234 3006 sed
246 2959 375 3007 inimicitiae
392 2961 464 3008 etiam
484 2971 606 3024 suscepta,
619 2961 750 3010 videantur.
791 2962 862 3010 Nihil
881 2963 946 3011 enim

63 3030 99 3094 est
110 3024 210 3085 turpius,
222 3042 294 3086 quarn
307 3043 363 3074 curn
375 3042 403 3074 eo
416 3028 503 3076 bellum
514 3045 602 3089 gerere,
614 3029 712 3091 quicum
724 3028 870 3076 familiariter
881 3030 947 3078 vixe-

62 3100 101 3134 ris.
136 3090 174 3136 Ab
186 3092 289 3139 amicitia
302 3093 332 3151 Q.
340 3093 456 3157 Pompeii,
465 3112 518 3143 meo
526 3096 630 3152 nomine,
639 3113 664 3142 sc
672 3104 801 3143 removerat
815 3095 856 3157 (ut
867 3097 945 3156 scitis)

57 3151 156 3218 Scipio:
171 3165 270 3224 propter
281 3158 456 3210 dissensionem
467 3170 554 3220 antem,
564 3171 672 3225 quaerat
685 3163 710 3210 in
722 3163 849 3226 republica,
859 3164 938 3214 aliena
