2054 3946
57 182 95 241 10
292 174 498 223 ELENCHUS
523 176 707 223 CAPITUM.

313 445 316 449 .
360 395 464 444 LIBER
482 395 639 446 TERTIUS.

284 536 290 547 ,
366 537 400 547 ,,
440 536 445 547 ,
564 538 569 549 ,
753 539 759 551 ,
899 498 931 544 Μ

56 539 124 594 Car.
138 535 239 589 1.-130
255 546 309 589 utro
328 537 478 607 Scipionis:
498 539 633 591 nunidem
652 555 712 592 esse
726 538 865 594 Ciceronis

89 607 172 659 etium
216 643 864 663 ·········
885 614 935 666 161

56 705 125 759 Cae.
139 706 166 758 ll
187 706 317 768 -Quibus
334 707 515 760 invitamentis
528 708 613 761 filium
627 708 722 762 Cicero
735 711 768 762 ad
780 711 867 780 phile·

90 777 211 846 sophiam
223 776 374 829 adhortetur
457 814 865 834 ......
886 784 936 835 166

56 883 125 936 Car.
144 884 262 937 Ill-In
286 885 440 954 separandis
463 883 522 936 utili
541 891 568 936 et
588 884 699 937 honesto
722 886 866 955 periculem

89 971 159 1006 essa.
197 954 268 1015 Quid
281 955 317 1006 sit
328 953 417 1007 vivere
430 953 612 1006 convenienter
626 963 723 1006 nature
777 993 785 1008 .
856 960 936 1010 .le

56 1055 125 1108 Cae.
139 1056 376 1108 IV.-Honestum
394 1073 456 1107 cum
474 1054 598 1106 utilitatis
616 1056 790 1125 repugnantia
802 1072 867 1108 nun·

89 1142 168 1195 quarn
181 1142 241 1178 esse
254 1124 459 1194 comparandum
539 1160 865 1179 .....
885 1129 936 1181 170

56 1227 125 1281 Car.
135 1227 360 1291 V.-l·lominem‚
368 1236 466 1278 naturae
479 1225 654 1288 obedientem,
662 1226 764 1279 homini
773 1243 866 1280 nouere

90 1314 230 1367 nonposse
301 1331 865 1349 ........
886 1298 935 1350 175

56 1387 126 1459 Cae.
139 1404 347 1458 Vl.-Eandem
359 1421 419 1457 essu.
431 1404 639 1472 uniuscujusque
649 1411 676 1455 et
685 1402 866 1455 universorum

90 1475 246 1527 utilitatem:
269 1485 399 1544 precepta
419 1474 452 1526 ad
473 1474 647 1543 judicandum
667 1489 728 1525 curu
749 1473 789 1524 hre
808 1472 866 1525 duae
923 1538 925 1544 ,

90 1545 218 1597 utilitates
230 1543 497 1597 videntureontrarioe
539 1578 865 1595 .....
887 1540 935 1596 175

57 1650 126 1703 Cir.
140 1651 390 1704 Vll-Honestum
402 1651 445 1704 uel
465 1649 542 1702 unice
560 1649 603 1701 vel
622 1649 737 1700 maxime
750 1665 810 1701 esse
822 1665 868 1702 ex·

91 1721 233 1789 petendum
298 1755 864 1772 ........
886 1721 935 1773 178

58 1825 126 1877 Can.
140 1825 331 1883 vni-onai
344 1827 484 1877 honesturn
497 1842 548 1876 non
561 1833 610 1887 est,
618 1824 646 1875 id
655 1841 703 1876 nec
716 1824 781 1876 utile
789 1839 865 1876 esse:

91 1896 147 1946 haec
160 1895 211 1946 duo
224 1895 292 1946 male
305 1894 421 1964 separari
458 1930 784 1946 .....
857 1926 870 1950 .
885 1896 936 1946 180

58 1994 127 2047 Cur.
137 1995 301 2046 IX.-Nihil
315 2011 362 2063 spe
373 1994 521 2046 occultandi
532 1992 640 2045 sceleris
650 1992 867 2046 committendum
887 2065 933 2116 181

92 2081 152 2115 esse
221 2099 866 2116 .........

58 2166 126 2219 Cae.
135 2165 262 2217 X.-Ubi
271 2165 345 2217 deest
352 2166 477 2218 honestas
488 2165 526 2217 ibi
536 2165 636 2217 nullam
645 2181 704 2216 esse
714 2163 865 2216 utilitatem.

93 2235 224 2288 Omnibus
242 2235 330 2298 rebua,
346 2243 457 2304 excepta
472 2234 586 2302 justitia,
599 2233 742 2286 amicitiam
761 2242 867 2303 antepo-

92 2306 204 2357 nendam
217 2321 276 2356 esse
299 2339 865 2356 ........
887 2305 936 2355 183

59 2413 127 2466 car.
148 2411 366 2464 XL-Utilitatis
397 2411 485 2481 specie
509 2410 537 2463 in
560 2409 696 2478 republica
719 2408 867 2478 saepissime

92 2483 211 2553 peccari:
238 2490 333 2551 quanto
358 2481 394 2532 sit
417 2479 508 2533 honori
531 2479 734 2547 rehuspublicis‚
756 2479 868 2531 honesta

92 2553 202 2606 utilibus
214 2551 334 2621 preferre
379 2584 865 2602 .......
887 2551 936 2600 186

59 2663 126 2714 Car.
136 2662 304 2714 xli-Rem
317 2659 432 2712 illustrat
443 2659 537 2710 Cicero
551 2657 634 2709 tribus
644 2657 791 2726 exemplis3
804 2675 868 2727 quu-

92 2749 148 2783 rum
172 2733 285 2800 primum
309 2742 350 2781 est
379 2728 478 2781 Rhodii
505 2727 672 2789 mercatoris3
703 2726 810 2797 agitque
833 2727 867 2779 de

92 2802 189 2852 astutia
201 2801 227 2852 in
240 2798 418 2852 contractibus
430 2797 613 2850 communibus
700 2833 707 2848 .
779 2832 785 2848 .
859 2833 866 2848 .
887 2798 937 2848 189

60 2907 128 2960 Cir.
142 2908 408 2961 XIIL-Secundurn
429 2905 590 2975 exemplum,
608 2903 753 2957 venditoris
772 2902 868 2956 edium

92 2978 274 3045 pestilentium
302 3008 868 3030 ........
889 2974 935 3024 191

60 3076 374 3192 Cur.]Xll⁷.-Tertium
386 3076 538 3146 exemplum
551 3074 659 3144 Pythii:
673 3074 736 3144 quid
747 3073 869 3128 sitdulus
890 3145 942 3194 m

90 3161 134 3193 ma
148 3160 179 3193 us
218 3180 631 3200 ......
865 3179 873 3196 ·
