2054 3946
86 171 147 227 tte
395 163 443 211 oe
464 163 661 212 errrorem.

122 274 291 334 Quamobrem,
303 291 358 324 cum
370 275 411 324 illo
420 275 516 338 quidem
528 273 568 336 (ut
579 272 720 338 supradixi)
731 280 813 322 ectum
825 272 913 336 optime
923 278 972 330 estc

87 357 182 391 mecum
200 341 389 400 incommodius3
407 358 479 404 quom
496 342 573 391 fueret
589 341 687 404 aquius,
702 348 730 390 ut
745 340 813 404 prius
830 341 972 396 introieram,

87 409 123 457 aic
134 409 200 470 prius
216 408 281 456 exire
293 409 323 457 de
334 409 390 456 rita.
424 409 473 456 Sed
489 417 571 457 tamen
587 408 747 457 recordatione
759 415 848 456 nostre
868 406 973 456 amicitiai

87 475 123 524 ric
134 475 205 530 fruor,
218 483 244 524 ut
255 477 321 525 beate
333 475 421 524 vixisse
433 475 519 534 videar,
527 476 584 538 quia
594 491 650 524 cum
663 473 776 538 Scipione
787 474 906 532 vixerim3
917 490 973 536 quo·

87 558 144 591 cum
162 542 221 590 mihi
232 543 361 605 conjuncte
370 558 429 592 cure
439 543 469 591 de
486 543 606 606 republica
617 541 681 590 etde
697 541 793 606 privata
803 541 859 599 fuit,
871 557 973 604 quocum

86 616 112 657 et
128 608 213 657 domus
224 616 249 656 et
265 609 349 657 militie
366 610 516 668 communis,
533 617 557 658 et
570 608 614 672 (id,
624 608 651 656 in
662 624 711 672 quo
727 615 764 657 est
774 608 856 656 omnis
867 609 904 656 vis
918 608 973 657 ami·

87 675 161 740 eitie)
183 677 341 734 voluntatum,
362 676 502 735 etudiomm,
521 676 701 734 sententiarum,
721 692 818 724 tumme
840 674 973 724 conceusio.

88 741 170 804 Itaque
183 757 232 790 non
244 750 293 790 tam
311 743 357 791 ieta
373 759 410 791 me
429 743 558 806 sapientire,
570 759 642 807 quarn
660 742 729 791 modo
741 741 854 791 Fannius
872 758 973 792 comme·

87 808 195 867 muravit,
203 809 266 858 fama
276 810 383 867 delectet,
392 810 452 858 salsa
462 810 597 873 presertim,
609 825 682 872 quem
693 810 757 872 quod
766 809 877 858 amicitia
890 818 972 858 nostre

87 876 226 924 memoriam
245 893 315 939 spero
333 877 501 940 sempitcmem
523 877 580 926 sore.
614 877 689 939 quue
711 876 772 925 mihi
789 893 820 925 eo
842 876 922 937 magis
939 883 973 926 est

87 941 159 999 cordi,
171 943 241 1005 quod,
253 960 285 992 ex
299 943 411 993 omnibus
428 944 527 1003 seculis,
539 943 580 992 vix
592 944 636 993 tria
647 951 689 993 eut
699 951 801 1007 quatuor
818 944 973 992 nominentur

87 1008 153 1072 peria
164 1010 310 1060 amicorum:
328 1028 376 1075 quo
387 1012 412 1060 in
430 1027 516 1072 genere
534 1027 626 1075 sperare
638 1011 726 1070 videor,
738 1010 860 1074 Scipionis
871 1019 897 1059 et
907 1009 973 1060 Lelit

87 1075 217 1125 amicitiam
228 1086 310 1128 notem
322 1078 452 1142 posteritati
464 1078 521 1127 fore.

120 1142 244 1194 Fannius.
278 1146 345 1194 Istud
361 1145 464 1209 quidem,
477 1145 543 1204 Leti,
559 1145 594 1194 ite
610 1160 707 1193 necesse
724 1153 774 1194 eet:
792 1145 843 1202 md,
859 1145 972 1207 quoniam

87 1210 195 1259 amicitiae
207 1211 351 1261 mentionem
363 1211 445 1270 fecisti,
453 1221 478 1260 et
488 1229 572 1261 sumus
584 1211 660 1270 otiosi,
669 1221 804 1276 pergratum
817 1212 877 1260 mihi
885 1212 972 1270 feceris,

89 1276 170 1340 (spero
188 1277 245 1327 item
263 1279 386 1345 Soterolae)
399 1278 427 1337 ai,
445 1280 646 1343 quemadmodum
663 1280 724 1328 solea
741 1280 771 1328 de
786 1280 877 1328 certeris
897 1280 972 1337 rebus,

86 1359 141 1392 cum
154 1360 185 1394 ex
196 1353 219 1394 te
230 1355 374 1409 queruntur,
385 1347 420 1394 sic
431 1346 460 1395 de
472 1347 576 1396 amicitie
592 1346 729 1410 disputaris,
739 1346 797 1409 quid
808 1347 906 1405 menas,
917 1362 971 1408 qua·

87 1410 134 1459 lem
145 1411 273 1469 existimer,
286 1429 337 1475 que
350 1423 465 1476 precepta
476 1415 526 1463 des.

120 1476 230 1529 Scaeuolae
254 1479 316 1528 Mihi
329 1496 382 1528 vero
394 1488 528 1543 pergratum
539 1481 599 1529 erite
618 1487 696 1542 utque,
708 1479 814 1543 idipsum
825 1496 882 1529 oum
894 1487 972 1529 tecum

86 1559 156 1606 agere
172 1562 276 1603 conarer,
293 1545 403 1596 Fannius
420 1547 559 1596 antevertit:
581 1548 734 1610 quamobrem
751 1546 846 1611 utrique
864 1548 971 1597 nostrum

86 1619 180 1673 gratum
192 1614 321 1663 admodum
332 1614 421 1664 feceris.

119 1745 150 1796 V.
168 1744 269 1798 Laiiua.
293 1747 348 1809 Ego
362 1764 418 1798 vero
435 1764 485 1797 non
502 1763 618 1810 gravarer,
630 1748 728 1797 si'mihi
745 1747 796 1812 ipse
812 1749 971 1798 confideremr

86 1827 143 1861 nem
154 1821 178 1862 et
189 1817 299 1877 preclara
309 1831 346 1863 res
357 1824 408 1875 eet;
424 1823 449 1865 et
459 1831 543 1864 eumue
557 1815 597 1878 (ut
607 1815 669 1864 dixit
680 1814 803 1881 Fannius)
818 1816 895 1864 otiosi.
924 1815 972 1864 Sed

85 1879 140 1941 quia
151 1897 195 1942 ego
212 1883 284 1930 sumi
303 1890 346 1931 eut
356 1898 409 1944 que
426 1883 452 1932 in
469 1899 509 1932 me
525 1890 561 1931 eet
572 1883 689 1931 facultast
725 1882 858 1931 Doctorum
876 1891 913 1931 est
927 1883 972 1931 ieta

85 1948 241 2006 consuetudo,
258 1965 334 2012 eaque
351 1950 494 2007 Groecorum,
512 1957 539 1999 ut
555 1949 585 1998 iis
607 1957 716 2012 ponetur,
733 1949 763 1998 de
779 1966 828 2012 quo
851 1949 973 2013 disputent

86 2014 194 2075 quemvis
211 2014 297 2064 subito.
331 2016 450 2078 Magnum
467 2033 527 2079 opus
544 2025 595 2074 est3
616 2024 716 2079 egetque
735 2015 906 2065 exercitatione
923 2032 971 2066 nou

86 2094 164 2142 parva.
207 2081 375 2141 Quamobrem,
402 2100 454 2146 quae
479 2083 594 2146 disputari
622 2083 652 2132 de
680 2083 784 2132 amicitie
808 2092 918 2147 possunt,
943 2085 971 2133 ab

85 2146 127 2205 eis,
138 2163 231 2206 censeo,
249 2149 340 2211 petetis,
356 2150 398 2211 qui
415 2150 461 2199 ista
476 2151 632 2214 profitentur:
650 2167 695 2212 ego
712 2165 755 2199 vos
771 2151 860 2199 hortari
877 2159 971 2200 tanturn

86 2228 191 2276 possum,
204 2223 231 2263 ut
247 2215 375 2264 amicitiam
387 2218 499 2265 omnibus
513 2219 583 2266 rebus
600 2217 713 2266 humenis
724 2217 892 2281 anteponatis:
910 2218 970 2267 nihii

85 2288 122 2329 est
132 2281 197 2330 enim
209 2289 258 2331 tem
269 2292 359 2332 naturae
376 2292 466 2348 aptum,
477 2292 527 2333 tam
542 2285 687 2333 conveniens
699 2285 729 2334 ad
744 2301 780 2333 res
792 2286 829 2334 vel
846 2285 971 2344 secundas,

86 2350 122 2397 vel
134 2349 249 2399 adversas.

119 2415 167 2465 Sed
179 2417 224 2465 hoc
235 2417 338 2480 primurn
349 2416 433 2476 sentio,
444 2417 492 2466 nisi
502 2418 529 2467 in
540 2418 617 2476 bonis,
625 2418 754 2468 amicitiem
761 2435 813 2467 esse
824 2434 875 2467 non
887 2433 970 2481 posse:

85 2498 163 2545 neque
174 2483 198 2532 id
209 2486 239 2533 ed
251 2484 333 2533 vivum
349 2501 437 2544 reseco,
450 2493 477 2534 ut
493 2484 535 2544 illi,
546 2487 587 2548 qui
599 2487 650 2536 hac
667 2487 777 2535 subtilius
788 2486 916 2543 disserunt,
927 2485 971 2534 sor·

84 2557 146 2599 tasse
163 2566 223 2609 rere,
235 2553 276 2600 sed
294 2552 323 2601 ed
343 2568 496 2601 communem
513 2553 640 2602 utilitatem
656 2569 748 2616 parum.
782 2552 882 2614 Negent
898 2553 971 2610 enim,

84 2633 230 2680 quemquam
242 2619 318 2667 virum
335 2621 424 2668 bonurn
441 2635 500 2678 esse,
511 2619 558 2668 nisi
569 2619 708 2684 sapientem.
742 2620 780 2668 Sit
790 2619 824 2668 ite
839 2635 912 2668 sene:
929 2619 971 2668 sed

84 2699 137 2733 eam
158 2685 296 2748 sapientiam
314 2686 505 2749 interpretantur,
524 2704 597 2750 quam
620 2687 699 2736 adhuc
719 2687 824 2736 mortalis
844 2702 917 2734 nemo
934 2695 971 2734 est

84 2761 234 2802 consecutus.
267 2753 321 2801 Nos
339 2761 418 2802 eutem
436 2769 464 2802 ea
476 2769 528 2816 quae
545 2762 602 2803 sunt
619 2754 645 2802 iu
663 2771 710 2804 usu
722 2753 817 2816 vitaque
839 2753 971 2811 communi,

83 2831 133 2867 non
145 2835 173 2867 ea
185 2836 236 2883 quia
247 2820 372 2880 finguntur
383 2830 425 2869 eut
435 2828 554 2883 optentur,
566 2829 670 2883 spectare
679 2822 800 2870 debemus.
834 2818 970 2883 Nunquam

83 2899 128 2944 ego
145 2886 230 2945 dicam,
243 2885 272 2935 Ο.
285 2886 427 2944 Fabricium,
439 2887 474 2936 Μ’
483 2887 593 2946 Curium,
604 2887 645 2938 Ti.
655 2887 843 2946 Coruncanium,
856 2903 917 2950 quoe
933 2903 970 2935 sa·

73 2950 175 3013 'pientes
185 2954 259 3002 nostri
271 2956 372 3018 majores
386 2955 532 3018 judicabant,
543 2956 573 3004 ad
590 2955 689 3004 istorum
701 2970 812 3004 normam
822 2954 897 3003 fuisse
908 2953 969 3017 sapi·

82 3025 157 3068 entes.
191 3020 272 3079 Quare
283 3022 327 3069 eibi
342 3022 445 3071 habeant
461 3021 581 3085 sapientie
593 3038 690 3081 nomen,
701 3030 725 3071 et
735 3022 882 3072 invidiosum
894 3030 918 3070 et
929 3023 968 3069 ob·

75 3099 194 3149 ecnrum3
211 3088 398 3154 concedantque,
415 3096 443 3138 ut
458 3089 485 3137 hi
502 3088 559 3138 boni
576 3089 620 3138 riri
638 3089 734 3138 suerint.
767 3089 809 3138 Ne
826 3088 852 3138 id
870 3089 966 3152 quidem

66 3151 174 3209 melent:
192 3159 330 3224 negabunt,
341 3157 375 3223 id,
388 3157 436 3210 nisi
448 3156 561 3224 sapienti,
568 3173 640 3222 posse
649 3156 753 3206 concedi.
