2054 3946
443 481 521 527 car.
538 481 596 528 xx
895 488 954 542 257

68 590 147 641 babet.
182 589 218 639 At
228 596 264 639 est
280 606 309 638 eo
326 589 423 639 meliore
439 589 581 648 conditione,
593 607 665 654 quam
683 590 835 645 adolescens;
853 605 908 637 curn
924 589 955 645 id,

68 658 133 723 quod
145 657 186 707 ille
201 665 285 722 sperat,
298 657 337 705 hic
345 659 396 722 jam
407 666 549 706 consecutus
560 665 603 706 est.
637 658 678 706 Ille
690 659 741 705 vult
752 657 792 704 diu
805 656 897 703 vivere:
916 657 956 705 hic

68 725 113 774 diu
129 724 198 773 vixit
233 725 386 787 Quamquam
406 724 433 786 (o
451 724 491 773 Dii
509 724 594 791 bonil)
614 725 670 787 quid
688 733 724 772 est
741 722 767 772 in
784 722 889 770 hominis
907 725 956 771 vita

69 792 130 842 diui
166 789 206 839 Da
222 792 287 840 enirn
310 807 448 855 supremum
465 800 575 854 tempus:
598 801 763 854 exspectemus
780 791 955 839 Tartessiorum

70 857 134 919 regis
145 866 252 906 etatem:
265 857 310 907 luit
321 859 386 907 enim
397 857 437 920 (ut
447 859 562 921 scriptum
573 859 654 925 video)
669 857 850 920 Arganthonius
859 858 956 919 quidam

71 925 188 983 Gadibus,
200 925 242 987 qui
254 925 372 986 octoginta
384 925 491 986 regnavit
502 941 585 984 annos,
596 935 695 975 centum
704 935 728 974 et
736 924 820 986 uiginti
830 925 903 971 vixit:
916 924 958 972 sed

71 992 132 1041 mihi
150 1007 181 1040 ne
192 993 332 1040 diuturnum
344 991 440 1055 quidem
457 992 587 1055 quidquam
598 993 697 1051 videtur,
708 993 733 1040 in
750 1009 798 1056 quo
816 1000 851 1039 est
868 992 958 1054 aliquid

71 1069 215 1107 extremum.
249 1058 314 1107 Cum
331 1059 395 1107 enim
415 1059 438 1106 id
462 1060 571 1118 advenit3
594 1067 652 1108 tunc
670 1060 735 1117 illud,
756 1059 820 1122 quod
840 1058 957 1120 preteriit,

71 1125 182 1174 effluxit:
200 1133 295 1174 tantum
312 1134 424 1182 remanet,
436 1126 499 1189 quod
511 1127 596 1174 virtute
614 1134 638 1174 et
654 1135 715 1176 recte
730 1126 798 1174 factis
815 1134 958 1173 consecutus

71 1191 113 1241 sis.
147 1192 220 1240 Horra
231 1192 327 1255 quidem
345 1193 439 1250 cedunt,
451 1202 475 1240 et
491 1193 548 1252 dies,
560 1201 583 1242 et
599 1209 701 1251 menses,
713 1202 736 1241 et
751 1193 823 1250 anni;
841 1209 886 1240 nec
904 1208 958 1256 pre·

72 1259 171 1307 teritum
182 1267 277 1322 tempus
288 1276 395 1323 unquam
408 1260 536 1317 revertitur,
549 1276 600 1318 nec,
609 1261 665 1322 quid
678 1268 795 1324 sequatur,
808 1260 862 1307 sciri
874 1269 959 1323 potest.

73 1325 148 1386 Quod
159 1326 247 1389 cuique
258 1326 370 1389 temporis
382 1327 411 1374 ad
420 1326 549 1374 vivendum
561 1327 637 1386 datur,
645 1344 673 1375 eo
682 1329 751 1376 debet
760 1344 811 1375 esse
824 1335 958 1376 contentus.

71 1392 162 1456 Neque
179 1394 245 1442 enim
262 1393 377 1450 histrioni,
390 1401 418 1441 ut
434 1395 533 1456 placeat,
544 1396 677 1457 peragenda
693 1402 728 1443 est
745 1394 831 1451 fabula,
844 1395 921 1451 rnodo,
933 1393 959 1442 in

72 1475 225 1523 quocumque
236 1460 307 1508 fuerit
319 1468 380 1519 actu,
393 1461 503 1524 probetur
514 1477 520 1519 ;
538 1478 616 1525 neque
627 1461 812 1526 sapientiusque
824 1462 854 1508 ad
865 1469 879 1490 “
888 1461 959 1509 Plau-

72 1524 138 1575 dite'’
150 1526 286 1576 vivendum.

108 1592 185 1642 Breve
197 1594 262 1642 enim
274 1602 367 1656 tempus
378 1594 452 1642 relatis
464 1594 521 1643 setis
533 1602 569 1643 est
584 1596 683 1656 longurn
695 1596 725 1643 ad
736 1597 796 1643 bene
813 1595 959 1656 honesteque

73 1660 210 1711 vivendum.
245 1661 290 1709 Sin
312 1661 452 1723 processeris
474 1663 577 1723 longius,
594 1678 644 1709 non
667 1663 743 1722 magis
766 1661 895 1709 dolendum
916 1670 958 1715 est,

73 1743 147 1790 quam
159 1728 266 1788 agricole
283 1728 371 1785 dolent,
383 1729 497 1791 preterita
510 1729 574 1777 verni
592 1728 703 1791 temporis
721 1728 843 1786 suavitate,
855 1735 960 1776 estatem

73 1803 280 1856 auctumnumque
291 1795 391 1843 venisse.
426 1795 475 1842 Ver
486 1796 550 1843 enim
560 1806 680 1857 tamquam
693 1795 875 1844 adolescentiam
887 1794 960 1855 signi-

73 1862 137 1920 ficat,
160 1862 310 1926 ostenditque
332 1863 420 1910 fructos
442 1862 550 1911 futuros:
572 1862 663 1923 reliqua
685 1871 791 1925 tempora
813 1862 960 1910 demetendis

73 1928 190 1978 fructibus
212 1936 237 1977 et
259 1929 415 1992 percipiendis
437 1930 614 1978 accommodata
636 1937 700 1977 sunt.
745 1929 849 1977 Fructus
878 1937 960 1977 autem

72 1997 203 2046 senectutis
215 2004 250 2044 est
266 1996 305 2058 (ut
316 2012 377 2058 sepe
388 1996 451 2062 dixi)
465 2005 520 2044 ante
538 2005 659 2060 partorum
676 1997 792 2044 bonorum
810 1995 925 2044 memoria
936 2003 960 2043 et

73 2063 150 2126 copia.
185 2063 348 2121 Omniavero,
360 2079 412 2126 que
430 2065 562 2112 secundum
579 2072 687 2111 naturam
700 2063 768 2120 liunt,
780 2071 837 2111 sunt
852 2063 961 2111 habenda

73 2128 100 2177 in
113 2128 188 2177 bonis.
224 2130 288 2188 Quid
301 2138 336 2178 est
347 2137 428 2178 autem
440 2138 489 2179 tarn
507 2131 638 2179 secundum
651 2138 768 2188 naturam,
779 2147 851 2192 quarn
863 2129 960 2178 senibus

73 2196 167 2244 emoril
187 2197 250 2258 quod
262 2196 326 2244 idern
344 2197 461 2256 contingit
473 2197 668 2255 adolescentibus,
685 2197 822 2260 adversante
836 2204 860 2244 et
875 2213 961 2259 repug-

74 2270 149 2312 nante
160 2272 252 2312 natura.
286 2264 368 2326 Itaque
380 2264 541 2312 adolescentes
553 2264 612 2312 mori
623 2264 658 2312 sic
670 2264 729 2312 mihi
740 2264 856 2321 videntur,
867 2271 893 2312 ut
904 2280 959 2312 curn

35 2380 39 2387 ,
74 2345 143 2392 aque
159 2328 312 2378 multitudine
324 2331 360 2378 vis
372 2331 472 2378 flamme
485 2330 640 2394 opprimitur3
657 2347 726 2379 senes
744 2339 831 2388 autem,
844 2331 906 2379 sicut
917 2348 962 2380 sua

74 2404 168 2460 sponte,
179 2398 247 2444 nulla
258 2397 362 2445 adhibita
374 2397 404 2455 vi,
412 2407 552 2446 consumtus
563 2398 627 2458 ignis
638 2398 806 2458 exstinguitur.
840 2397 880 2454 Et,
892 2399 961 2460 quasi

75 2479 154 2527 poma,
172 2479 203 2511 ex
221 2465 348 2522 arboribus,
366 2464 386 2511 si
404 2465 476 2512 crude
493 2472 556 2521 sunt,
574 2465 598 2512 vi
616 2466 767 2525 avelluntur3
790 2465 810 2513 si
828 2475 921 2513 matura
938 2475 962 2513 et

75 2537 151 2588 coctu,
163 2530 291 2590 decidunt3
309 2532 343 2579 sic
354 2531 427 2579 vitam
440 2531 628 2580 adolescentibus
635 2532 671 2580 vis
683 2533 766 2592 aufert,
776 2533 873 2580 senibus
885 2541 962 2580 matu·

74 2598 149 2646 ritas:
166 2613 219 2660 que
230 2598 290 2647 mihi
301 2598 397 2661 quidem
409 2605 458 2646 tam
472 2599 580 2662 jucunda
591 2607 635 2658 est,
646 2606 680 2655 ut,
692 2616 740 2662 quo
752 2600 849 2662 propius
861 2599 890 2646 ad
902 2615 962 2647 rnor-

75 2675 125 2713 tem
137 2664 255 2722 accedam,
267 2665 335 2728 quasi
353 2673 438 2713 terram
450 2666 529 2713 videre
540 2665 627 2725 videar,
639 2667 812 2730 aliquandoque
829 2665 855 2713 in
867 2673 961 2728 portum

76 2748 107 2782 ex
120 2733 192 2792 longa
202 2731 354 2792 navigatione
365 2748 417 2780 esse
428 2741 550 2782 venturus.

110 2864 169 2914 XX.
187 2864 303 2914 Omnium
323 2873 419 2914 etatum
436 2874 513 2915 certus
530 2874 566 2914 est
582 2865 712 2915 terminus:
737 2865 865 2915 senectutis
882 2874 962 2916 autern

77 2933 159 2980 nullus
171 2940 249 2980 certus
261 2942 296 2980 est
314 2932 442 2981 terminus:
461 2943 570 2995 recteque
588 2934 613 2982 in
631 2951 659 2982 eu
670 2933 765 2991 vivitur,
777 2934 854 2996 quonrl
872 2950 962 2982 munus

77 2997 150 3047 officii
162 3000 261 3062 exsequi
278 3009 302 3048 et
318 2999 379 3048 tueri
396 3001 480 3062 possis,
492 3008 516 3048 et
532 3008 613 3048 tamen
629 3009 729 3049 mortem
746 3009 913 3048 contemnere:
931 3019 962 3050 ex

77 3067 171 3127 qualit,
183 3074 210 3114 ut
221 3066 349 3115 animosior
360 3067 432 3114 etiarn
449 3076 558 3115 senectus
570 3067 607 3125 sit,
619 3083 691 3130 quarn
709 3068 872 3125 adolescentia,
883 3075 907 3116 et
918 3068 962 3116 for·

77 3132 129 3181 tior.
164 3133 220 3181 Hoc
231 3134 289 3181 illud
306 3141 349 3192 est,
361 3133 424 3195 quod
441 3133 564 3182 Pisistrato
576 3142 678 3197 tyranno
690 3150 703 3182 a
715 3133 803 3181 Solone
822 3150 962 3197 responsum

76 3207 129 3256 ost;
147 3215 202 3248 curn
216 3200 250 3248 illi
262 3200 382 3262 querenti,
394 3217 441 3261 qua
453 3201 549 3248 tandem
566 3217 608 3264 spe
619 3201 700 3258 fretus,
712 3200 757 3248 sibi
773 3208 821 3248 tam
840 3202 961 3250 audaciter

76 3266 206 3324 obsisteret,
224 3267 373 3329 respondisse
390 3267 485 3326 dicitur,
503 3267 638 3316 Senectute.
675 3268 723 3315 Sed
741 3267 836 3315 vivendi
854 3268 910 3316 finis
927 3277 963 3316 est

76 3333 188 3395 optimus,
200 3351 263 3391 curn,
276 3335 367 3394 integra
379 3342 465 3392 mente,
477 3334 614 3397 caeterisque
626 3335 742 3391 sensibus,
754 3350 815 3397 opus
827 3334 879 3397 ipsa
890 3340 962 3383 suum

76 3400 168 3456 eadem,
177 3417 229 3462 quae
236 3401 416 3461 coagmentavit,
425 3408 509 3449 natum
516 3400 630 3450 dissolvit.
648 3401 682 3450 Ut
691 3418 784 3459 navem,
792 3408 821 3449 ut
829 3401 963 3455 edificium,

75 3467 140 3517 idem
152 3466 249 3516 destruit
260 3467 378 3528 facillime,
389 3469 430 3532 qai
442 3468 582 3529 construxit,
593 3468 628 3518 sic
638 3468 761 3518 hominem
771 3469 854 3519 eadem
866 3469 961 3533 optime,

490 3539 547 3594 22*
