2054 3946
88 182 124 237 45
395 174 442 220 na
469 175 654 220 orr1o11s.

88 294 182 342 autem
197 283 339 340 simulatio
352 283 468 339 vanitati
485 293 529 339 est
540 283 728 359 conjunctior,
740 300 825 355 quem
841 290 891 339 aut
902 281 970 339 libe·

89 364 201 429 ralitati‚
218 374 265 419 aut
280 362 430 420 honestati.

127 444 257 499 Tertium
274 455 317 497 est
330 442 518 517 propositum,
533 451 565 498 ut
585 442 615 498 in
635 441 824 498 beneficentia
843 440 971 497 delectus

88 532 165 579 esset
179 521 343 597 dignitatis:
366 521 395 578 iu
411 540 467 593 quo
482 531 510 576 et
524 540 618 578 mores
633 522 695 598 ejus
710 530 792 578 erunt
812 519 971 595 spectandi,

90 603 119 659 in
134 620 219 673 quern
234 601 404 657 beneficium
420 600 590 667 conferetur,
606 612 635 656 et
648 601 760 657 animus
775 619 843 676 erga
863 618 929 666 nos,
945 608 973 656 et

90 681 279 738 communitas
301 700 334 736 ao
354 681 476 737 societas
498 680 573 745 vitre,
595 692 624 736 et
644 679 679 736 ad
704 689 814 736 nostras
837 680 973 736 utilitates

90 759 185 817 officia
199 770 262 816 ante
276 760 387 816 collata.
424 759 494 824 Quae
504 769 535 815 ut
547 769 716 816 concurrant
728 759 835 824 omnia,
848 756 973 834 optabile

77 848 150 905 *est;
172 841 197 894 si
212 839 316 906 minus,
332 839 428 915 plures
444 858 536 895 oausae
550 839 731 914 majoresque
750 837 888 914 ponderis
909 837 973 913 plur

92 918 244 975 habebunt.

94 1063 183 1120 CAP.
195 1063 262 1120 XV.
282 1062 339 1119 Cui
347 1061 515 1138 plurimum
528 1061 675 1119 debeatur.
705 1059 834 1119 Nullum
849 1058 975 1137 officiam

133 1141 286 1222 reserenda
307 1143 410 1218 gratia
424 1142 524 1218 magia
539 1141 748 1198 necessarium.
794 1139 876 1210 Quid
896 1146 924 1196 et
943 1137 976 1197 r‘n

134 1220 299 1358 ἓῖιίξὲεὲἒέᾱο
315 1221 416 1298 officio⁹
433 1229 459 1278 et
472 1221 505 1278 in
521 1219 671 1300 referenda
690 1219 804 1297 gratio,
819 1219 975 1278 observan-

135 1413 277 1479 Quonmrr
292 1421 385 1469 autem
399 1413 503 1469 vivitur
515 1433 573 1470 non
588 1432 652 1469 oum
667 1413 800 1488 perfectis
809 1412 976 1469 hominibus

95 1492 237 1568 planeque
258 1492 444 1568 sapientibus,
460 1493 510 1548 setl
524 1512 589 1549 oum
605 1493 650 1558 iis,
666 1494 696 1550 in
718 1494 821 1564 quibus
843 1491 978 1567 praelate

95 1572 196 1648 agitur,
210 1573 235 1629 si
249 1584 316 1629 sunt
330 1572 482 1628 simulacra
495 1572 626 1628 virtutis:
649 1573 734 1629 etiam
750 1573 805 1628 hoc
819 1571 979 1646 intelligen-

96 1651 163 1708 dum
178 1661 257 1726 puto,
273 1652 418 1709 neminem
432 1652 551 1707 omniuo
563 1670 627 1707 esse
650 1650 862 1727 negligendum,
880 1651 978 1722 inquo

97 1731 192 1802 aliqua
212 1731 383 1806 significatio
405 1731 516 1787 virtutis
538 1743 687 1805 appareat;
711 1729 863 1787 colendum
885 1740 979 1786 autem

97 1829 161 1867 esse
176 1811 214 1865 ita
229 1828 371 1881 quemque
386 1810 520 1876 maxime,
535 1811 701 1880 utquisque
723 1811 848 1866 maxime
871 1809 980 1865 virtuti·

97 1890 150 1946 bus
165 1889 210 1944 his
225 1889 380 1944 lenioribus
401 1890 455 1945 erit
468 1902 593 1952 ornatus
609 1888 758 1954 modestia,
781 1888 977 1963 temperantia,

97 1968 238 2043 meipsa,
254 1967 288 2024 de
304 1986 360 2038 qua
375 1968 434 2043 jam
458 1968 545 2024 multa
559 1967 634 2023 diota
648 1979 723 2034 sunt,
738 1969 858 2044 justitia.
901 1968 978 2024 Nam

98 2048 179 2106 fortis
200 2047 312 2103 animus
327 2057 355 2103 et
370 2065 499 2121 magnae,
516 2049 545 2104 in
560 2047 677 2104 homine
699 2068 756 2105 non
778 2047 904 2122 perfecto
927 2064 979 2103 neo

98 2128 237 2203 sapiente,
253 2125 406 2182 ferventior
420 2125 586 2201 plerumque
602 2137 663 2194 est;
686 2128 741 2183 illae
755 2127 872 2183 virtutes
887 2126 981 2183 vimm

100 2208 207 2264 bonum
222 2205 352 2262 videntur
372 2206 467 2280 potius
482 2207 628 2281 attingere.
672 2208 765 2278 Atque
787 2207 848 2262 hmo
870 2206 900 2262 in
920 2223 981 2262 mo·

101 2286 187 2343 ribus.

140 2364 185 2421 De
199 2364 397 2422 benevolentia
417 2374 521 2431 autom,
543 2385 628 2436 qnam
651 2365 772 2436 quisque
793 2363 896 2420 habeat
915 2381 983 2439 erga

102 2463 165 2509 nos,
181 2444 304 2518 primum
319 2444 389 2500 illud
403 2454 447 2500 est
460 2445 490 2500 in
504 2446 610 2509 officio,
626 2454 657 2500 ut
671 2445 697 2500 ei
711 2444 866 2518 plurimum
879 2444 983 2499 tribua·

102 2542 175 2590 mus,
191 2542 278 2595 aquo
300 2524 454 2598 plurimum
475 2523 629 2599 diligimur.
673 2523 731 2580 Sed
753 2522 981 2579 benevolentiam

102 2622 159 2659 uon
186 2602 462 2660 adolescentulorum
488 2622 577 2668 moro,
600 2602 699 2658 ardore
720 2601 843 2673 quodam
865 2602 982 2668 amoris,

102 2682 150 2738 sad
180 2684 330 2740 stabilitate
359 2681 454 2756 potius
480 2693 509 2738 et
532 2684 689 2739 constantia
713 2682 887 2757 judicemus.
930 2681 984 2739 Sin

102 2773 183 2818 emut
198 2763 307 2826 merita,
322 2770 424 2817 utnon
440 2761 572 2826 ineunda,
586 2762 637 2817 sed
652 2761 800 2818 reserenda
813 2762 851 2816 sit
864 2761 984 2835 gratia?

102 2842 193 2915 major
207 2841 337 2911 qondam
351 2858 418 2895 cura
432 2840 591 2896 adhibenda
605 2852 658 2896 est.
695 2841 815 2898 Nullum
831 2840 909 2897 enim
921 2838 985 2897 offi·

101 2920 177 2976 cium
192 2919 339 2977 reserenda
355 2918 445 2995 gratia
458 2921 547 2995 magis
563 2921 756 2976 necessarium
771 2929 823 2976 est.

428 3063 579 3109 CHAPTER
597 3066 648 3109 XV.

124 3134 139 3163 ⁸
149 3129 322 3184 Sin-gratier.
357 3133 406 3178 But
417 3132 438 3179 it
453 3132 595 3190 obligations
607 3133 682 3178 earet:
689 3133 711 3176 'n
718 3146 758 3177 ure
765 3145 805 3176 are
810 3137 856 3177 not
861 3135 887 3176 to
893 3133 979 3178 confer

79 3176 125 3225 but
134 3185 161 3226 to
170 3187 256 3229 return
270 3199 284 3230 a
295 3186 391 3235 favour.
