2054 3946
49 37 959 261 u

397 130 400 137 ι

128 322 131 330 ι

311 505 386 552 LIB.
402 504 457 550 111.
491 506 572 551 CAP.
594 505 719 592 xxxtt
900 517 958 570 235

109 615 140 674 N
143 635 189 673 am
205 615 229 672 si
244 634 302 672 non
317 614 402 673 modo
417 615 534 683 utilitas,
550 615 601 672 sed
615 616 672 673 vita
687 615 780 672 onmis
794 616 884 683 beata,
899 634 959 673 cor·

69 696 149 772 poris
177 697 260 753 firma
286 696 500 762 constitutione,
524 697 644 771 ejusque
670 696 880 753 constitutionis
906 713 958 770 spe

68 776 228 852 explorata,
243 785 275 832 ut
295 795 310 830 a
334 774 522 832 Metrodoro*
546 777 683 851 scriptum
706 786 758 841 est,
779 777 957 832 continetur:

69 866 146 913 certe
161 855 223 912 haee
237 855 354 921 utilitas,
368 854 524 926 etquidem
540 874 652 912 summa
667 854 721 933 (sic
736 856 812 912 euim
827 851 957 932 censent)

67 953 135 993 eum
157 934 304 991 honestate
319 935 465 1009 pugnabit.
508 935 585 991 Nam
602 937 648 992 ubi
664 935 785 1010 primum
801 934 957 1010 prudentiae

67 1013 150 1072 locus
173 1013 304 1071 dabitur?
345 1016 401 1081 An,
417 1026 448 1070 ut
468 1014 617 1086 conquirat
636 1013 760 1086 undique
782 1014 957 1071 suavitates?

70 1093 164 1160 Quam
190 1094 278 1150 miser
302 1093 413 1150 virtutis
441 1093 603 1161 famulatus,
624 1094 774 1151 servientis
798 1094 956 1169 voluptati!

69 1173 156 1239 Quod
167 1183 262 1230 autem
274 1191 377 1230 munus
392 1173 569 1248 prudentiael
610 1173 656 1231 An
664 1172 758 1249 legere
769 1173 958 1249 intelligenter

69 1253 252 1328 voluptates?
293 1253 352 1310 Fac
363 1252 436 1310 nihil
450 1254 505 1310 isto
520 1272 583 1309 esse
601 1253 776 1328 jucundius;
799 1253 866 1325 quid
882 1253 958 1329 cogi·

69 1333 122 1389 tari
143 1341 238 1407 potest
260 1332 391 1407 turpius?
432 1331 508 1400 Jam,
523 1333 572 1404 qui
588 1332 725 1399 dolorem,
741 1351 884 1389 summum
901 1352 958 1389 ma·

68 1411 130 1470 lum
144 1411 229 1479 dicat,
245 1412 320 1488 apud
333 1431 398 1468 curn
413 1430 498 1483 quem
520 1412 605 1469 habet
624 1413 719 1469 locum
734 1412 878 1479 fortitudo,
894 1431 958 1484 quae

69 1502 114 1548 est
140 1491 271 1549 dolorum
295 1491 481 1564 laborumque
507 1493 682 1549 contemtio?
724 1492 862 1557 Quamvis
880 1493 957 1548 enim

69 1571 167 1629 multis
188 1571 260 1628 loeis
281 1570 357 1628 dicat
377 1571 531 1646 Epicurus,
547 1571 632 1628 sicuti
654 1571 732 1638 dicit,
749 1571 817 1627 satis
838 1571 956 1638 sortiter,

69 1649 106 1707 de
128 1649 245 1716 dolore;
268 1661 362 1708 tamen
382 1670 440 1708 non
462 1651 489 1708 id
511 1650 697 1726 spectandum
721 1662 774 1717 est,
790 1650 858 1722 quid
873 1650 957 1717 dicat,

68 1729 123 1788 sed
136 1730 205 1802 quid
220 1741 442 1787 consentaneum
457 1732 495 1787 sit
508 1732 535 1787 ei
545 1731 649 1796 dicere,
660 1731 707 1802 qui
719 1731 804 1796 hona,
815 1730 958 1804 voluptate

70 1809 296 1877 terminaverit,†
321 1809 404 1877 mala,
425 1810 542 1867 doloret
569 1821 609 1876 ut,
634 1811 659 1866 si
681 1809 761 1866 illum
782 1809 895 1867 audiam
923 1809 958 1866 de

70 1890 247 1951 continentia
261 1900 289 1946 et
304 1891 498 1965 temperantia,
509 1889 579 1947 dicit
592 1890 639 1946 ille
655 1887 770 1961 quidem
785 1889 873 1946 multa
888 1888 959 1945 mul·

70 1970 109 2027 tis
122 1969 214 2036 locis3
236 1969 287 2026 sed
301 1989 374 2041 aqua
395 1970 508 2042 haeret,‡
528 1980 559 2026 ut
579 1969 666 2026 aiunt.
709 1968 786 2024 Nam
802 1969 850 2040 qui
865 1978 960 2044 potest

71 2049 288 2124 temperantiam
304 2048 418 2106 laudare
433 2050 468 2115 is,
485 2049 534 2121 qui
550 2058 636 2123 ponat
648 2067 792 2104 summurn
808 2048 914 2104 bonum
929 2049 959 2105 in

71 2128 241 2204 voluptate?
282 2129 338 2185 Est
352 2129 428 2186 enirn
450 2128 636 2204 temperantia
655 2127 807 2185 libidinum
822 2128 939 2185 inimica
949 2134 964 2194 ;'

70 2208 205 2267 h'bidines
220 2217 313 2264 autem
329 2209 545 2265 consectatrices
561 2208 723 2282 voluptatis.

112 2289 207 2361 Atque
221 2289 251 2344 in
266 2288 310 2344 his
333 2298 427 2344 tamen
448 2288 536 2345 tribus
557 2287 719 2363 generibus,
736 2305 851 2359 quoquo
872 2286 958 2344 modo

72 2380 205 2444 possunt,
220 2386 278 2424 non
299 2367 430 2425 incallide
446 2368 674 2443 tergiversantur.
718 2367 901 2424 Prudentiam
916 2367 959 2425 in·

72 2447 234 2513 troducunt,
255 2447 403 2504 scientiam
425 2446 654 2523 suppeditantem
677 2447 847 2523 voluptates,
863 2446 959 2522 depel-

71 2526 180 2584 lentem
209 2526 331 2583 dolores.
372 2527 582 2584 Fortitudinem
608 2546 724 2599 quoquo
750 2528 846 2598 aliquo
872 2526 958 2584 modo

73 2606 241 2681 expediunt,
256 2624 321 2662 curn
342 2605 463 2673 tradunt,
487 2607 624 2664 rationem
647 2606 823 2682 negligenda
848 2607 957 2672 mortis,

73 2685 309 2761 perpetiendique
322 2684 439 2741 doloris.
475 2687 572 2743 Etiam
582 2687 797 2761 temperantiam
810 2684 957 2750 inducunt,

72 2784 132 2822 non
147 2765 281 2822 facillime
297 2764 339 2821 illi
354 2764 480 2835 quidem,
490 2765 540 2822 sed
556 2777 649 2822 tamen
665 2783 780 2836 quoquo
794 2763 879 2820 modo
893 2782 959 2839 pos-

73 2856 151 2902 sunt.
194 2845 302 2902 Dicunt
323 2844 410 2908 enim,
431 2844 584 2920 voluptatis
606 2845 830 2920 magnitudinem
852 2842 967 2911 doloris,

73 2925 246 2982 detractione
271 2924 357 2981 finiri.
399 2922 515 2981 Justitia
538 2924 658 2990 vacillat,
682 2924 726 2979 vel
749 2923 826 2997 jacet
852 2924 958 2997 potine,

73 3023 232 3076 omnesque
253 3023 293 3061 eae
306 3005 434 3070 virtutes,
450 3022 513 3075 quae
535 3004 564 3060 in
585 3003 786 3060 communitate
807 3012 959 3059 cernuntur

108 3153 121 3181 *
133 3149 268 3194 Metrodoro.
304 3148 324 3191 A
337 3145 393 3189 disci
412 3145 434 3190 le
446 3145 474 3189 of
483 3146 608 3201 Epicurus,
619 3143 707 3189 named
720 3143 750 3200 by
762 3142 910 3196 Laertiue,x.
922 3142 960 3187 23.

74 3205 113 3249 He
125 3203 178 3246 died
190 3214 262 3245 sevon
274 3213 343 3256 years
356 3199 383 3243 be
395 3211 433 3242 ore
444 3199 482 3243 his
493 3204 586 3243 master.
764 3249 769 3258 ‚
914 3247 919 3256 ¹

106 3256 122 3313 †
136 3255 313 3301 Terminuverr't.
348 3255 362 3278 ‘⁴
370 3253 454 3297 Omnis
465 3257 544 3297 autem
554 3249 782 3328 privationefldolons
793 3251 863 3306 putat
872 3249 961 3304 Eprcu·

73 3322 114 3355 rus
127 3310 246 3354 terminari
259 3319 379 3352 summam
392 3307 445 3349 volu
465 3307 551 3350 tatem)
580 3307 675 3349 Dcl‘m.
685 3316 700 3348 1.
715 3307 750 3349 ll.

109 3369 121 3413 ss
133 3365 203 3417 Aqua
215 3362 293 3407 beret.
328 3362 350 3404 A
363 3319 485 3456 metaphhr
497 3360 567 3403 taken
579 3357 765 3419 possiblyeithcr¹
774 3355 835 3401 from
846 3353 886 3398 the
898 3353 960 3410 clep·

75 3417 153 3472 sydra,
164 3429 195 3460 an
208 3416 351 3459 instrument
362 3413 424 3456 whrc
452 3412 574 3457 measured
587 3411 626 3455 the
637 3412 704 3467 lapse
714 3411 741 3454 os
749 3416 805 3456 tune
817 3407 897 3464 hythe
908 3419 962 3463 pas·

75 3483 131 3524 segc
144 3471 171 3512 of
184 3473 257 3513 water
275 3466 377 3520 through
388 3479 403 3511 a
413 3477 506 3510 narrow
517 3467 617 3521 funnet;
635 3477 661 3509 or
678 3464 739 3510 from
751 3477 765 3510 a
778 3467 857 3521 gotter
873 3461 909 3505 for
919 3460 959 3509 tos

74 3535 227 3578 conveyance
238 3523 267 3567 of
274 3524 356 3567 water.
899 3524 959 3718 ⁴
