2054 3946
325 505 449 553 sinn.
483 504 718 551 canxxvni.
901 511 959 566 223

70 615 186 683 savit3*
213 613 349 687 quamdiu
366 613 551 692 jurejurando
575 614 700 672 hostium
724 624 876 680 teneretur,
902 634 958 674 non

72 712 186 752 essese
207 705 378 752 senatorem.
420 696 513 766 Atque
535 693 605 751 illud
623 695 708 751 etiam
724 695 762 772 (Ο
777 695 895 751 stultum
910 694 959 752 lio·

73 775 193 840 minem,
205 772 309 830 dixerit
319 774 473 849 quispiam,
483 784 511 831 et
523 784 729 851 repugnantem
744 775 856 831 utilitati
867 792 925 829 siiae
937 771 957 852 l)

73 852 155 911 reddi
176 854 315 929 captiuos,
331 855 447 929 negavit
467 872 531 910 esse
551 854 641 911 utile:
663 853 728 910 illos
752 855 828 910 enim
851 851 959 909 adoles·

74 942 173 990 centes
184 951 259 1001 esse,
269 942 298 989 et
306 934 396 990 bonos
409 931 507 999 duces,
517 952 548 989 se
558 935 620 1009 jam
629 933 790 990 consectum
803 942 957 990 senectute.

74 1011 168 1088 Cujus
190 1031 256 1069 cum
278 1013 414 1068 valuisset
434 1013 596 1079 auctoritas,
618 1013 722 1088 captivi
747 1014 848 1069 retenti
871 1021 958 1070 sunt:

72 1089 136 1168 lpse
160 1090 364 1167 Carthaginem
390 1090 492 1149 rediit:
522 1110 616 1164 neque
644 1111 709 1148 euin
735 1093 835 1148 caritas
861 1092 959 1166 patriae

72 1171 199 1237 mutauit,
222 1190 276 1228 nec
297 1190 424 1228 suorum.
467 1171 572 1243 Neque
586 1190 654 1227 vero
674 1181 733 1227 tum
755 1172 911 1247 ignorabat,
927 1189 959 1227 se

71 1250 108 1309 ad
129 1250 371 1308 crudellissimum
393 1251 516 1318 hostem,
541 1261 569 1308 et
590 1250 625 1308 ad
644 1251 788 1322 exquisita
804 1250 959 1325 supplicia†

72 1330 238 1408 proficisci:
274 1329 324 1387 seil
348 1329 550 1406 jusjurandum
576 1329 804 1387 conservandum
832 1331 957 1405 putabat.

71 1408 173 1481 Itaque
195 1421 265 1477 tum,
282 1429 346 1466 cum
368 1408 513 1485 vigilando
533 1411 695 1476 necabatur,
710 1420 770 1466 erat
789 1410 818 1465 iri
840 1409 959 1465 meliore

72 1493 185 1562 eausa‚‡
200 1508 286 1562 quam
301 1490 324 1546 si
346 1488 424 1546 domi
446 1507 536 1546 senex
556 1490 694 1564 captivus,
710 1489 841 1565 perjurus
857 1507 957 1546 consu·

72 1567 149 1635 laris,
165 1569 359 1625 remansisset.
400 1570 439 1625 At
452 1569 547 1636 stulte,
564 1571 613 1641 qui
636 1587 695 1626 non
714 1568 800 1625 modo
821 1586 879 1624 nori
894 1587 958 1626 ceri·

71 1648 162 1707 suerit
183 1649 310 1724 captiuos
334 1647 531 1715 remittendae,
552 1666 652 1704 verum
673 1648 758 1704 etiam
780 1646 956 1704 dissuaserit.

71 1726 226 1793 Quomodo
248 1727 352 1784 stultel
380 1729 503 1784 etiamne
525 1728 550 1784 si
570 1726 734 1801 reipublicae
761 1726 957 1784 conducebati

71 1805 173 1865 Potest
193 1818 297 1874 autem,
314 1806 389 1879 quod
412 1806 511 1864 inutile
532 1806 695 1883 reipublicae
716 1806 764 1872 sit,
779 1805 808 1862 id
823 1805 955 1877 cuiquam

71 1887 128 1944 civi
143 1886 213 1943 utile
229 1888 312 1944 esset

72 2013 163 2073 oAP.
191 2014 334 2072 XXVIII.
392 2012 463 2083 Qua
487 1982 589 2071 contro
614 2011 767 2088 Regulum
795 2012 953 2072 dicontur.

221 2094 328 2170 quilius
343 2092 532 2170 argumentis
547 2093 608 2151 brec
621 2091 804 2172 refellantur.

110 2206 316 2263 Pauvaaruri‘r
330 2205 463 2262 homines
485 2223 528 2271 ea,
544 2223 607 2276 quae
629 2214 696 2260 sunt
708 2202 891 2262 fundamenta
909 2224 946 2262 na

71 2295 151 2352 turae,
167 2303 232 2341 cum
247 2285 396 2341 utilitatem
418 2285 452 2340 ab
469 2284 617 2340 honestate
639 2284 803 2360 sejungunt.
833 2284 956 2342 Omnes

71 2365 149 2423 enim
170 2364 332 2439 expetimus
354 2364 513 2430 utilitatem,
536 2362 571 2419 ad
599 2381 718 2435 eamque
744 2364 879 2439 rapImur,
903 2383 956 2422 neo

380 2488 531 2532 CHAPTER
549 2488 651 2533 XXVII

104 2562 118 2590 r
132 2555 432 2602 Sententiam-recusavit.
466 2555 518 2600 The
536 2557 655 2611 priinitiie
672 2558 786 2609 meaning
804 2559 831 2600 of
848 2569 956 2605 recusare

72 2609 220 2666 (recausare)
235 2623 335 2665 appears
347 2614 371 2654 to
382 2609 411 2654 be
429 2609 526 2664 merely,
539 2614 563 2653 to
574 2611 665 2655 adduce
682 2623 712 2665 op
731 2611 789 2655 osite
807 2619 955 2665 arguments:

70 2663 89 2708 it
101 2674 158 2724 may
170 2662 282 2706 therefore
294 2662 323 2706 be
336 2661 487 2724 followedby
500 2675 515 2724 a
526 2664 649 2717 negative}
666 2676 699 2716 as,
713 2624 746 2708 Be
759 2667 797 2708 Or.
809 2665 833 2707 ii.
849 2667 883 2717 15,
896 2670 910 2690 “
921 2668 956 2710 De

69 2728 170 2777 musteis
178 2715 248 2759 rebus
257 2728 307 2759 non
319 2716 405 2772 poterit
433 2727 474 2759 uin
486 2716 685 2769 dicatiioconere
696 2722 813 2771 suscepto,
822 2721 956 2763 recusare.’'

69 2769 109 2814 Ad
127 2769 212 2812 divers.
231 2771 275 2824 Ep.
295 2768 310 2814 i.
329 2769 363 2821 19,
382 2773 396 2795 ‘⁴
432 2769 463 2813 iiii
481 2770 603 2814 videbatur
622 2771 891 2814 contentionem-cum
910 2772 956 2816 illis

68 2821 126 2866 viris
143 2822 206 2865 nolle
224 2822 289 2875 heri;
306 2826 330 2867 et
348 2835 377 2866 ne
396 2824 461 2868 tieret
479 2823 628 2867 veliementer
642 2824 775 2867 recusare.”
811 2823 862 2868 Liv.
874 2825 921 2869 viii.
933 2827 956 2874 7,

68 2877 128 2920 “Ne
149 2878 172 2918 te
194 2875 290 2930 quidem
313 2888 421 2920 recusare
440 2888 551 2920 censeam
570 2876 629 2930 qum
650 2876 799 2930 disprlinam
819 2877 955 2924 restituas.'’

68 2929 106 2975 Ne
126 2959 132 2971 .
145 2930 230 2982 Epam.
242 2929 263 2980 8,
276 2932 290 2952 “
300 2931 354 2974 Νοη
367 2930 483 2973 recusavit
494 2929 623 2983 quommus
632 2940 729 2982 poenam
741 2928 854 2973 subtretJ’

131 2981 260 3044 Ercqiiiii'to
276 2981 401 3037 supplicio.
435 2982 487 3026 The
505 2982 551 3025 tale
568 2982 596 3025 of
608 2980 647 3024 the
666 2981 736 3025 death
754 2981 782 3024 of
796 2983 911 3037 Regulus,
923 2984 955 3040 by

68 3038 165 3096 uirtute,
178 3048 203 3079 iri
215 3036 281 3080 itself
289 3035 440 3092 improbable,
452 3036 472 3079 is
483 3033 594 3078 narrated
607 3033 690 3130 bpthe
702 3036 809 3079 Romans
820 3036 879 3078 witti
888 3049 956 3092 vary-

67 3088 110 3142 Ing
128 3094 319 3132 circumstances.
353 3089 405 3133 The
422 3090 510 3133 silence
522 3089 550 3132 of
563 3087 621 3143 Poly
638 3100 676 3132 ius
688 3100 720 3131 on
732 3087 772 3131 the
789 3088 880 3144 subject
892 3097 955 3136 must

67 3141 146 3185 excite
157 3142 277 3195 suspicion
288 3154 294 3191 ;
312 3140 388 3184 thch
400 3142 421 3185 is
433 3141 562 3186 confirmed
574 3140 605 3194 by
618 3154 632 3184 a
643 3140 760 3194 fragment
768 3142 796 3184 os
804 3141 843 3186 the
855 3143 955 3188 xxxivth

67 3193 131 3238 book
144 3195 171 3237 of
185 3195 302 3238 Diodorus
321 3195 430 3239 sleulusi
447 3194 563 3250 speakiiig
575 3195 603 3237 os
614 3194 728 3249 Regulus,
741 3194 771 3239 he
789 3207 851 3249 says,
864 3194 893 3237 δι’
907 3197 954 3246 ant

68 3245 132 3304 Ision
140 3247 205 3288 αὐτον
215 3247 360 3304 &abalniacum
372 3251 409 3289 τοῦ
419 3251 461 3302 int·
497 3249 567 3292 From
577 3247 623 3290 thie
632 3259 733 3302 passage
744 3247 763 3292 it
771 3247 792 3292 is
800 3248 894 3292 evideot
905 3245 955 3289 thar

67 3295 97 3340 he
110 3296 150 3356 did
161 3301 210 3356 not,
222 3296 330 3339 accordin
361 3301 394 3355 to,
403 3309 445 3341 our
462 3299 566 3343 author's
581 3300 742 3356 Information,
754 3302 791 3346 die
807 3300 839 3356 by
852 3303 954 3349 turturea

66 3350 116 3393 and
129 3353 148 3391 it
160 3349 179 3391 ts
192 3309 360 3410 incompatible
372 3350 430 3393 with
445 3352 484 3396 the
496 3353 677 3414 citcumstarices
688 3354 797 3399 narrated
808 3354 840 3409 by
851 3352 908 3403 him,
920 3362 953 3413 ΟΡ

67 3402 173 3462 another,
185 3415 314 3463 occasion..
336 3404 349 3426 “
356 3403 391 3446 M.
405 3404 523 3466 Regulum
542 3406 658 3459 illigatum
679 3407 704 3451 in
723 3407 842 3459 maehina,
858 3405 953 3449 resectis

66 3455 195 3512 palpebris,
206 3455 414 3508 Carthaginienses
426 3458 545 3512 vigilando
557 3460 729 3505 necaverunt.”
763 3461 794 3505 In
806 3459 885 3505 Pnora
895 3456 937 3515 43.

98 3509 302 3560 aurat-causa
336 3510 372 3556 He
383 3510 438 3558 toolt
449 3523 465 3558 u
477 3512 547 3560 better
558 3522 649 3560 course.
899 3514 957 3707 1
