2054 3946
373 133 443 178 Lle.
464 134 500 176 Il.
534 133 610 176 CAP.
633 134 666 176 ll.
904 135 956 186 lll

75 237 219 306 daremus
235 251 265 295 ut
287 259 361 315 sape
384 241 532 296 fecimus*
576 242 651 295 l‘um
673 251 765 295 curtem
789 240 957 313 respublica,

76 320 104 374 iu
119 337 177 388 qua
191 320 285 374 omnis
306 338 369 374 mea
390 340 465 385 cura,
483 322 625 394 cogitatio,
642 339 729 393 opera
750 320 817 393 poni
840 319 957 381 solebat,

75 397 153 454 nulla
176 409 253 454 esset
276 400 404 464 omnino,
420 400 475 455 illae
498 399 607 455 seilicet
630 398 730 458 literae†
751 398 957 469 conticuerunt,

75 476 204 533 forenses
217 488 246 533 et
259 479 416 534 senatoria.

113 556 199 612 Nihil
219 575 301 631 agere
322 569 416 613 autem
438 576 502 613 curn
525 557 636 612 animus
658 576 714 613 uon
740 566 846 631 posset,
863 556 892 611 in
914 556 958 612 his

74 635 177 691 studiis
206 638 240 692 ab
268 637 349 692 initio
371 640 514 708 versatusss
542 636 641 701 aetatis,
663 636 835 699 existimavi,
857 635 959 690 hones-

75 715 186 770 tissime
202 716 347 772 molestias
363 734 448 790 posse
463 714 578 789 deponi,
595 716 619 771 si
636 733 680 770 me
696 714 729 770 ad
745 714 958 789 philosophiam

74 793 247 850 retulissem.
304 793 360 850 Oui
389 813 453 850 eum
486 795 607 850 multum
635 793 800 850 adolescens
830 793 958 849 discendi

72 890 160 929 eausa
186 873 322 947 temporis
356 873 530 938 tribuissem,
556 883 656 948 postea
689 892 774 944 quarn
802 873 958 929 honoribus

72 951 212 1008 inservire
238 953 321 1026 eoepi,
337 971 440 1024 meque
463 963 551 1008 totum
574 953 735 1027 reipublicae
759 952 877 1018 tradidi;
901 963 959 1009 tan·

73 1038 135 1087 tum
158 1041 219 1087 erat
239 1031 428 1106 philosophiae
449 1032 516 1097 loci,
532 1044 669 1102 quantum
694 1033 871 1107 superfuerat
891 1033 959 1088 arni·

71 1128 173 1167 eorum
195 1121 223 1166 et
242 1111 405 1186 reipublicae
427 1113 590 1185 temporis.§
632 1111 664 1167 ld
679 1123 771 1167 autern
787 1131 871 1168 omne
893 1131 959 1168 con·

70 1191 239 1247 sumebatur
251 1190 280 1247 in
295 1190 432 1266 legend03
454 1190 596 1247 scribendi
612 1191 700 1247 otium
716 1210 773 1247 non
787 1203 854 1247 erat.

70 1332 164 1392 CAP.
188 1333 227 1391 II.
264 1333 383 1392 Laudes
405 1334 599 1412 philosophiae
621 1337 820 1413 persequitur.
878 1335 959 1406 Quid

357 1414 488 1472 sentient
502 1415 681 1473 Academici.
736 1438 740 1447 ’

112 1525 251 1582 Maxrrrrs
266 1526 350 1602 igitur
370 1526 400 1582 in
421 1528 503 1583 malis
519 1527 574 1584 hoe
588 1539 681 1584 tamen
696 1528 764 1583 boni
780 1529 902 1584 assecuti
917 1530 958 1586 vi·

70 1603 182 1672 demur,
199 1616 230 1661 ut
249 1625 283 1662 ea
302 1605 393 1662 literis
416 1605 624 1672 mandaremus,
641 1626 702 1678 quae
718 1626 769 1663 nee
790 1608 859 1662 satis
880 1619 959 1664 erant

72 1694 139 1740 nota
159 1685 274 1752 nostris,
290 1695 318 1741 et
330 1696 409 1741 erant
430 1686 590 1761 cognitione
605 1686 781 1762 dignissima.
825 1686 901 1751 Quid
915 1700 959 1744 est

71 1763 160 1829 enim,
171 1781 223 1838 per
234 1763 313 1829 deos,
329 1765 481 1839 optabilius
497 1766 654 1839 sapientiai
677 1765 744 1837 quid
759 1767 956 1841 praestantius?

71 1842 140 1914 quid
158 1841 302 1921 [homini]
325 1844 447 1900 meliust
475 1844 543 1915 quid
558 1845 673 1902 homine
696 1845 831 1920 dignius?
874 1846 957 1903 Hauc

72 1921 158 1999 igitur
171 1922 220 1993 qui
236 1933 382 1998 expetunt,
398 1923 564 1998 philosophi
580 1925 780 1981 nominantur:
803 1943 856 1981 nec
878 1926 958 1997 quid·

70 2018 157 2074 quarn
173 2000 249 2057 aliud
264 2012 307 2058 est
320 2003 514 2078 philosophia,
528 2003 552 2058 si
567 2003 743 2079 interpretari
759 2005 840 2070 velie,
856 2017 958 2081 praeter

81 2228 87 2236 .
102 2178 116 2206 *
131 2174 313 2230 Sarpefecimnr.
346 2177 359 2200 “
368 2176 456 2229 Scripsi
469 2176 539 2219 etiam
552 2176 657 2219 versibus
673 2180 720 2220 tres
732 2177 803 2220 libros
818 2177 847 2220 de
866 2180 957 2231 tempo·

70 2228 134 2273 nbue
146 2229 212 2278 meis,
224 2241 284 2282 quos
293 2228 435 2283 ,iampridem
449 2230 477 2272 ae
490 2235 513 2273 te
527 2230 648 2280 misissem,
660 2231 679 2272 si
692 2243 742 2273 esse
761 2231 865 2273 edendos
877 2237 957 2284 putas·

70 2294 133 2326 sem:
150 2287 207 2324 sunt
218 2283 282 2325 enim
294 2288 371 2335 testes,
384 2287 407 2325 et
419 2288 488 2326 erunt
499 2283 786 2337 sempiterntmeritorum
799 2289 894 2326 tuorum
902 2295 957 2336 erga

70 2335 136 2379 [ποθ’
170 2337 216 2388 Ep.
228 2335 257 2378 ad
270 2337 361 2380 Lentul.
374 2336 413 2379 lib.
425 2336 440 2379 i.
452 2337 473 2379 9.
514 2338 528 2360 “
538 2338 584 2379 Eos
604 2342 645 2380 aut
666 2337 789 2381 hominum
807 2337 899 2380 incuria
917 2341 957 2380 aut

70 2392 175 2433 vetustas
187 2388 238 2442 ipsa
250 2389 375 2450 perdidit.”
410 2390 434 2432 Ρ.
447 2389 578 2433 Manutius.

102 2441 119 2498 †
132 2440 224 2485 Scilicet
239 2441 319 2486 literae.
354 2441 431 2486 These
444 2447 491 2486 two
503 2443 587 2497 words,
598 2443 687 2500 Bishop
699 2446 784 2489 Pearec
797 2443 885 2498 thinks,
897 2443 957 2486 have

69 2499 137 2549 crept
148 2493 173 2536 in
185 2494 245 2536 from
258 2494 296 2537 the
309 2496 406 2548 margin.

104 2548 166 2597 ssdb
179 2546 248 2590 initio
259 2549 369 2592 ementes.
405 2549 432 2592 In
452 2549 555 2592 Cleero’s
572 2563 680 2604 younger
697 2551 763 2603 (lays,
775 2551 892 2592 literature
907 2561 956 2591 was

68 2601 116 2644 still
128 2613 142 2644 a
155 2604 259 2660 stranger
276 2601 299 2642 in
313 2602 394 2653 Rome,
406 2603 454 2645 end
469 2602 581 2658 probably
594 2604 618 2647 in
637 2617 703 2647 some
715 2605 799 2652 demae
813 2602 955 2656 unpopular‚

69 2666 96 2696 as
106 2653 243 2706 interterrng
252 2653 308 2697 with
320 2655 421 2710 military
430 2657 540 2711 pursuits‚
549 2661 572 2700 to
584 2657 659 2699 which
672 2656 710 2699 the
722 2655 835 2699 attention
847 2655 874 2698 of
883 2654 956 2708 youth

69 2718 119 2749 was
138 2706 282 2760 exclusively
299 2707 408 2752 directed.
443 2710 533 2763 Hardly
546 2723 559 2752 a
571 2715 670 2763 century
683 2709 727 2751 had
746 2708 840 2761 elapsed
858 2708 923 2752 since
942 2720 956 2750 u

68 2761 173 2856 Sanetus
190 2761 331 2805 consultum
343 2761 455 2806 banished
468 2763 508 2806 the
520 2764 595 2807 Greek
612 2763 755 2815 instruerem,
766 2761 841 2804 called
855 2761 957 2815 philoso-

104 2825 148 2857 ers.

68 2826 86 2869 p
104 2867 118 2921 ς
133 2865 404 2922 daemone-tempere.
437 2869 466 2912 In
485 2881 551 2913 some
563 2869 627 2922 early
640 2867 748 2917 editions,
760 2865 923 2921 forteanporir,
935 2867 956 2910 is

69 2920 145 2965 found
157 2920 300 2974 temporibus
309 2937 318 2962 :
335 2919 459 2974 according
467 2926 491 2964 to
501 2923 539 2965 the
552 2927 646 2975 present
658 2921 761 2971 reading,
768 2919 845 2962 which
856 2932 956 2974 appears

68 2974 95 3019 in
105 2975 137 3018 all
149 2974 225 3024 MSS..
238 2973 276 3016 the
288 2985 357 3017 sense
370 2985 425 3028 may
437 2974 465 3018 be
477 2975 590 3018 rendered
600 2974 716 3027 complete
728 2973 801 3016 either
814 2972 827 3014 b
856 2974 956 3027 supply·

68 3026 110 3081 ing
123 3027 163 3070 the
176 3024 265 3078 ellipse,
276 3026 392 3089 tenrpori,·
412 3029 533 3082 quantiam
554 3025 665 3080 temporis
683 2985 843 3087 superfuerad
855 3026 954 3080 tempori

67 3079 241 3186 fflmm’f‘
252 3079 358 3133 poetice
374 3080 425 3132 ru}
444 3092 470 3123 or
487 3077 711 3134 ret‚-·-errpersoerot
730 3090 762 3122 rer
783 3079 955 3134 autemeam&
