2054 3946
84 158 144 212 240
375 150 688 196 uir-sauucraxs.

84 269 201 319 senectus,
213 259 255 323 qui
267 277 281 308 a
294 261 322 325 ju
330 267 421 309 rentute
432 259 544 308 coluntur
555 266 579 307 et
589 258 738 320 diliguntur3
756 258 792 308 sie
809 259 967 309 adolescentes

84 345 170 377 senum
189 328 310 391 preceptis
327 328 439 387 gaudent,
454 326 541 389 quibas
560 327 589 374 ed
604 327 715 374 virtatem
735 327 814 374 studia
833 327 968 375 ducuntur·

84 411 130 444 nec
141 396 222 444 minus
233 395 339 455 intelligo
351 411 389 442 me
403 393 474 450 vebia
488 409 560 455 quarn
571 408 614 440 vos
625 393 685 441 mihi
696 410 749 441 esse
757 394 888 457 jucundos.
921 394 966 441 Seu

84 463 176 520 videtis,
186 470 213 510 ut
223 469 333 509 senectus
345 477 394 508 non
406 460 477 508 modo
489 460 602 520 languida
613 470 684 521 atque
696 460 760 508 iners
771 477 823 508 non
836 461 876 518 sit,
887 476 968 509 verum

84 530 156 578 etium
168 529 199 576 sit
210 545 314 591 operosa,
326 536 350 576 et
361 543 454 590 semper
466 544 540 588 agens
550 527 638 589 aliquid
649 535 673 574 et
683 528 800 585 moliens3
817 529 866 576 tale
874 527 969 585 scilieet,

84 599 154 658 quale
166 597 281 659 cujusque
293 595 399 643 studium
416 594 442 641 in
454 594 573 657 superiore
585 594 633 642 vite
644 592 696 642 fuit.
731 595 805 654 Quid,
817 594 884 656 quod
899 594 968 642 etiam

85 663 211 711 addiscunt
227 662 332 724 aliquidl
353 669 380 709 ut
397 661 510 710 Solonem
523 660 629 708 versibus
646 661 787 721 gloriantem
799 660 917 719 videmus,
928 660 968 724 qui

85 745 118 788 se,
130 729 233 792 quotidie
245 729 335 792 aliquid
346 728 513 785 addiscentem,
525 743 607 775 senem
619 727 670 775 fieri
678 728 749 776 dicit·
768 735 796 776 ut
807 743 853 788 ego
864 727 918 786 feei,
929 727 970 791 qui

85 796 180 844 Graecas
192 797 270 844 literas
285 812 359 844 senex
371 794 458 854 didici3
476 811 535 857 quas
547 794 679 872 quidem'
660 810 695 843 erc
713 794 780 842 avide
793 794 890 857 arripui,
902 794 970 856 quasi

84 863 221 911 diuturnam
233 863 297 912 sitim
309 864 403 926 explere
415 863 521 925 cupiens,
533 870 562 910 ut
572 878 601 910 es
616 861 669 924 ipsa
680 861 739 910 mihi
751 869 809 909 nota
819 870 908 918 essent,
920 861 971 923 qui·

85 931 131 978 bus
141 946 179 978 me
198 946 264 978 nunc
281 929 396 992 exemplis
414 930 450 977 uti
461 929 552 977 videtis.
587 929 660 987 Quod
678 945 733 976 eum
745 928 830 976 iecisse
848 927 970 977 Socratem

85 996 112 1044 in
123 997 209 1045 fidibus
218 998 331 1054 audirem,
341 997 424 1044 vellem
433 995 542 1058 equidem
554 1004 578 1044 et
588 995 648 1044 illud
659 994 795 1058 (discebant
805 995 872 1044 enim
884 995 970 1045 fidibus

85 1063 206 1130 antiqui):
224 1065 266 1112 sed
277 1065 303 1112 in
314 1063 387 1112 literis
398 1072 460 1111 certe
472 1062 597 1112 elaboravi.

118 1197 162 1246 IX.
180 1197 220 1246 Ne
231 1213 298 1246 nunc
308 1196 404 1260 quidem
417 1196 477 1245 vires
494 1195 600 1245 desidero
618 1195 782 1254 adolescentis,
796 1195 831 1259 (is
843 1195 910 1244 enim
922 1203 971 1244 erat

85 1264 152 1312 locus
169 1266 227 1312 alter
243 1264 347 1313 devitiis
364 1263 504 1329 senectutis)
518 1279 567 1311 non
586 1264 647 1326 plus,
659 1279 739 1325 quam,
750 1263 898 1321 adolescens,
910 1262 971 1313 tauri

85 1339 128 1379 aut
139 1332 258 1394 elephanti
269 1332 437 1381 desiderabam.
472 1331 544 1388 Quod
561 1338 604 1388 est,
615 1346 644 1377 eo
656 1330 723 1378 decet
742 1330 793 1388 uti;
811 1329 971 1393 et,·quidquid

85 1415 150 1459 agas,
168 1415 236 1459 agere
255 1414 295 1462 pro
307 1398 403 1447 viribus.
437 1397 498 1456 Qus
516 1396 581 1446 enim
593 1412 639 1445 vox
656 1405 803 1459 potestesse
820 1398 971 1454 contemtior,

84 1481 158 1527 quam
170 1466 268 1514 Milonis
280 1462 438 1521 Crotoniatas!
458 1464 507 1526 qui,
518 1480 575 1512 curn
590 1465 640 1528 jam
652 1480 726 1512 senex
741 1472 810 1522 esset,
823 1465 970 1527 athletasque

85 1548 111 1580 se
123 1532 148 1580 in
160 1533 277 1581 curriculo
288 1538 425 1580 exercentes
437 1530 531 1587 videret,
544 1530 680 1594 adspexisse
696 1533 796 1579 lacertos
807 1547 865 1579 suos
876 1532 970 1589 dicitnr,

85 1599 284 1662 illacrymansque
297 1599 393 1657 dixisse,
405 1597 462 1646 “At
473 1598 498 1645 hi
510 1598 607 1660 quidem
621 1599 672 1662 jam
690 1597 777 1646 mortui
794 1597 875 1646 sunt''
911 1599 970 1647 Non

84 1683 141 1714 vero
152 1675 201 1714 tam
218 1667 264 1724 isti,
277 1682 349 1728 quam
361 1673 388 1714 tu
404 1665 463 1727 ipsc,
475 1673 592 1726 nugator:
610 1681 688 1727 neque
700 1665 765 1713 enim
777 1680 806 1712 ex
825 1673 849 1712 te
861 1680 969 1727 unquam

84 1749 110 1781 es
130 1734 275 1789 nobilitatus,
291 1733 333 1782 sed
350 1749 380 1780 ex
397 1733 509 1780 lateribus
529 1739 553 1780 et
570 1732 662 1781 lacertis
679 1732 734 1780 tuis.
768 1731 838 1780 Nihil
850 1731 877 1780 S.
887 1732 969 1781 AElius

84 1801 139 1858 tale,
150 1801 210 1848 nihil
222 1800 304 1848 multis
315 1800 385 1848 annis
398 1809 452 1847 ante
464 1799 504 1847 Ti.
517 1798 692 1856 Comncanius,
703 1798 764 1846 nihil
776 1799 848 1847 modo
859 1799 889 1848 P.
899 1797 969 1847 Orus-

84 1884 140 1925 sus;
164 1868 282 1930 aquibus
296 1869 350 1931 jura
367 1866 458 1914 civibus
477 1866 698 1929 praescribebantur3
721 1881 825 1929 quorum
845 1866 968 1928 usquead

84 1942 217 1983 extremum
230 1935 338 1996 spiritum
349 1942 385 1982 est
396 1943 506 1998 provecta
516 1933 648 1995 prudentia.

119 2001 211 2058 Orator,
223 2009 311 2058 metuo,
322 2017 353 2049 ne
371 2002 509 2062 languescat
526 2008 663 2048 senectute:
681 2006 717 2047 est
728 1998 794 2047 enirn
813 2015 905 2048 munus
916 2000 967 2063 ejus

84 2082 134 2115 nen
149 2067 241 2127 ingenii
259 2070 343 2125 solum,
355 2068 397 2116 sed
415 2070 515 2116 laterum
527 2067 597 2114 etiarn
615 2075 639 2113 et
650 2065 743 2114 virium.
778 2065 887 2114 Omnino
898 2082 967 2114 cauo·

85 2150 137 2182 rum
149 2134 208 2182 illud
220 2135 245 2182 in
255 2151 312 2182 voce
323 2134 466 2198 splendescit
477 2134 556 2190 etiam,
565 2133 646 2181 nescio
653 2149 701 2195 quo
708 2139 784 2194 pacto,
793 2131 819 2179 in
832 2141 966 2192 senectute3

84 2202 148 2264 quod
160 2200 269 2263 equidem
281 2202 360 2249 adhuc
372 2218 421 2249 non
439 2201 523 2249 amisi:
541 2210 565 2248 et
576 2199 660 2248 videtis
675 2215 767 2247 annos:
786 2200 828 2247 sed
840 2207 921 2248 tamen
932 2208 967 2248 est

84 2269 183 2316 decorus
201 2285 277 2316 sermo
295 2269 359 2316 senis
375 2268 470 2330 quietus
488 2275 513 2314 et
529 2268 656 2325 remissus3
674 2266 776 2327 facitque
793 2282 899 2330 persaepe
915 2267 967 2330 ipsa

83 2335 129 2384 sihi
140 2335 286 2383 audientiam
304 2335 383 2383 diserti
400 2336 465 2382 senis
476 2342 554 2382 comta
565 2343 588 2382 et
600 2333 664 2382 mitis
681 2332 762 2381 oratio.
798 2333 871 2392 Quod
884 2334 905 2382 si
916 2334 966 2396 ipse

84 2403 182 2464 exsequi
194 2418 305 2464 nequeas,
315 2402 391 2465 possis
403 2410 482 2449 tamen
494 2401 601 2463 Scipioni
614 2401 744 2464 precipere,
754 2407 779 2447 at
789 2399 871 2449 Latio.
901 2400 966 2460 Quid

84 2470 149 2518 eninr
161 2478 197 2517 est
204 2470 335 2533 jucundius
347 2476 468 2517 senectute
480 2468 566 2530 stipata
577 2467 661 2515 studiis
670 2466 820 2532 juventutisl

118 2538 158 2584 An
171 2554 202 2584 ne
213 2554 253 2584 eas
263 2537 358 2598 quidem
368 2536 427 2584 vires
439 2535 554 2583 senectuti
566 2535 734 2594 relinquemus,
742 2541 769 2581 ut
778 2534 967 2583 adolescentulos

83 2603 173 2660 doceat,
191 2604 305 2661 instituat,
323 2605 352 2651 ad
370 2620 441 2650 omne
458 2601 529 2649 officii
552 2618 641 2649 munus
659 2601 775 2649 instruatl
801 2617 848 2662 quo
870 2601 967 2663 quidem

84 2685 153 2733 opere
166 2672 222 2732 quid
232 2678 309 2733 potest
320 2687 371 2717 esse
381 2669 531 2732 praeclariusl
568 2668 631 2715 Mihi
642 2684 696 2715 vero
706 2666 753 2714 Cn.
763 2675 786 2714 et
795 2667 823 2716 P.
833 2668 966 2730 Scipiones,

83 2746 108 2784 et
125 2738 162 2785 avi
180 2738 215 2785 tui
233 2739 288 2794 aluo,
306 2737 335 2785 L.
348 2737 464 2784 AErnilius
481 2743 505 2783 et
522 2735 550 2782 P.
562 2735 699 2792 Africanus,
716 2733 829 2782 comitatu
849 2735 966 2784 nobilium

88 2807 202 2860 iuvenum
211 2805 324 2852 fortunati
332 2804 479 2851 videbantur.
512 2801 566 2850 Nec
578 2803 621 2849 ulli
632 2805 748 2849 bonarum
761 2801 847 2849 artium
860 2802 965 2863 magistri

83 2887 132 2918 non
145 2872 207 2918 beati
225 2872 331 2932 putandi,
344 2870 451 2932 quamvis
469 2869 638 2917 consenuerint
649 2869 718 2924 vires,
734 2876 805 2930 atque
823 2868 965 2917 defecerint:

82 2939 127 2985 etsi
147 2939 192 2985 ista
211 2939 262 2999 ipsa
279 2938 378 2984 ‹lescctio
390 2937 475 2984 virium
494 2936 656 2984 adolescentiae
668 2935 731 2982 vitiis
750 2935 852 2983 efficitur
871 2937 966 2999 saepius,

82 3021 154 3065 quarn
166 3004 301 3052 senectutis.
335 3004 473 3052 Libidinosa
491 3003 579 3051 etenim
591 3011 615 3049 et
626 3003 787 3065 intemperans
805 3003 966 3052 adolescentia

74 3070 174 3120 ethnam
188 3087 275 3135 eorpus
287 3071 358 3119 tradit
371 3069 494 3119 senectuti.

101 3138 186 3205 Cyrus
198 3141 310 3206 quidem,
323 3141 389 3207 apud
405 3139 602 3204 Xenophontem,
611 3152 639 3184 eu
649 3151 764 3194 mamone,
773 3152 846 3198 quem
861 3137 966 3187 moriens

60 3238 69 3319 l
