2054 3946
83 386 140 443 284
388 380 437 427 oa
457 379 654 427 armorrra.

81 506 129 554 qua
146 490 233 539 dobant
252 504 341 539 vacare.
375 488 476 539 Pecmac
494 488 559 539 anim
575 505 601 537 se
620 504 669 537 non
688 494 827 548 eriguntur3
850 485 966 551 objurgari

81 559 179 673 molpte
190 558 285 606 lerunt:
303 557 368 621 quod
384 566 468 606 contra
484 558 612 621 oportebat,
623 556 709 605 delicto
725 556 812 614 dolere,
824 555 968 604 correctione

81 640 128 685 gau
145 641 191 673 ere.

113 756 196 805 XXV,
214 756 248 806 Ut
263 756 336 818 igitur
352 764 376 805 et
393 772 490 806 monere
507 763 531 805 at
542 755 633 805 moneri
649 756 773 820 proprium
791 764 828 805 est
839 772 899 804 verra
911 755 968 804 ami·

81 823 157 882 citira;
181 832 204 872 et
223 826 324 873 alterum
342 824 414 872 libera
433 823 518 881 facere,
537 839 587 872 non
606 840 703 887 aspere3
732 825 833 872 alterum
852 823 969 886 patienter

81 891 194 953 accipere,
207 907 256 940 non
272 898 447 953 repugnantem
463 891 498 939 sic
514 891 650 939 habendum
661 898 704 948 est,
717 888 845 939 nullam'in
857 890 967 938 amicitiis

81 966 173 1020 pestem
195 974 246 1005 essa
268 958 390 1020 majoram,
409 974 481 1019 quam
502 956 671 1015 adulationem,
693 958 839 1015 blanditiam,
861 966 966 1005 assenta-

81 1023 185 1072 tionem:
198 1023 307 1087 quamvia
315 1023 380 1072 onim
392 1024 472 1072 multis
480 1023 618 1072 nominibus
629 1033 666 1073 cst
676 1025 722 1072 hoc
730 1024 815 1073 vitium
825 1024 965 1081 notandum,

81 1091 169 1139 levium
188 1090 313 1138 hominurn
330 1099 402 1153 atque
413 1090 539 1148 fallacium,
551 1091 581 1138 ad
593 1092 738 1140 voluntatem
757 1090 905 1153 loquentium
916 1107 967 1138 orn·

80 1157 129 1213 nia,
140 1157 201 1205 nihil
213 1157 242 1204 ad
255 1157 382 1205 veritatem.
416 1157 481 1206 Gurn
492 1164 572 1205 autam
584 1158 693 1207 omnium
710 1174 788 1206 rerum
801 1157 920 1206 simulatio
931 1164 967 1205 est

81 1224 173 1280 vitiosa,
188 1224 260 1285 (tollit
277 1223 342 1271 anim
356 1223 475 1287 judicium
486 1223 543 1282 veri,
558 1224 629 1287 idque
647 1226 774 1290 adulterat)
789 1233 841 1273 tum
859 1224 967 1273 amicitie

82 1297 199 1352 repugnat
210 1290 322 1338 maxime.
357 1290 427 1340 Dalet
444 1291 509 1339 enim
520 1291 651 1347 veritatem,
662 1292 714 1341 sine
726 1309 774 1354 qua
786 1308 875 1339 noman
888 1291 967 1340 amici·

81 1357 120 1405 tin
132 1358 208 1404 valore
220 1372 269 1404 non
282 1364 365 1418 potest.
399 1358 473 1415 Nam,
484 1374 539 1406 curn
558 1358 665 1407 amicitia
677 1359 713 1406 vis
730 1359 762 1406 sit
778 1359 853 1415 ineo,
866 1368 893 1407 ut
905 1374 968 1407 unus

82 1423 149 1485 quasi
169 1424 264 1472 animus
275 1424 316 1471 fiat
333 1440 363 1472 cx
381 1425 501 1487 pluribus;
517 1425 559 1487 qui
577 1425 602 1473 id
612 1426 664 1474 fieri
680 1426 772 1489 poterit,
783 1425 803 1473 si
821 1441 852 1473 ne
871 1426 897 1473 in
918 1441 968 1473 uno

82 1490 179 1552 quidem
198 1506 293 1552 quoquc
312 1507 376 1539 unus
393 1492 488 1539 animus
508 1492 559 1548 erit,
576 1492 687 1556 idemque
704 1509 804 1556 semper,
822 1493 864 1540 sed
880 1492 967 1548 variae,

82 1557 263 1614 commutabilis,
280 1558 423 1621 multiplexl
459 1558 525 1617 Quid
540 1559 607 1608 enim
626 1568 771 1622 potestesse
789 1569 839 1608 tam
857 1559 967 1616 flexibile,

82 1631 131 1672 tam
142 1625 246 1681 devium,
258 1641 330 1686 quarn
342 1625 437 1673 animus
448 1626 507 1688 ejus,
516 1625 564 1688 qui,
577 1626 606 1674 ad
618 1626 714 1675 alterius
726 1643 776 1676 non
787 1627 858 1675 modo
869 1642 967 1675 sensum

83 1706 111 1739 ac
122 1693 275 1750 voluntatem,
287 1692 329 1740 sed
340 1692 412 1741 etiam
423 1695 517 1741 vultum
528 1700 598 1755 atqua
610 1701 705 1752 nutum,
717 1695 860 1743 convertitur
871 1694 879 1741 l

31 1831 35 1838 ”
112 1841 210 1899 “Negat
220 1841 270 1897 quis
281 1838 289 1885 ?
305 1853 371 1899 nego.
382 1838 442 1886 Ait?
458 1840 501 1884 aio.
532 1841 658 1897 Postremo,
667 1841 780 1898 imperavi
791 1844 882 1900 egomet
892 1840 958 1896 mihi,

136 1901 217 1944 Omnia
228 1899 366 1954 assentari,”

82 2030 109 2072 ut
129 2022 162 2070 ait
179 2022 242 2070 idern
261 2018 404 2071 Terentius:
428 2022 470 2070 sed
488 2022 528 2071 ille
551 2024 596 2070 sub
617 2022 753 2072 Gnathonis
772 2039 887 2086 persona;
904 2022 967 2085 quod

81 2089 150 2137 amici
163 2106 238 2149 genus
256 2089 373 2146 adhibere,
385 2089 483 2137 omnino
502 2089 603 2138 levitatis
614 2097 657 2138 est.
692 2090 765 2139 Multi
781 2098 863 2138 autern
874 2089 967 2137 Gnath-

81 2171 155 2204 onum
167 2157 262 2213 similes,
275 2173 331 2205 curn
343 2157 391 2204 sint
408 2150 466 2213 loco,
479 2156 579 2214 fortuna,
591 2156 654 2205 fama
671 2158 816 2220 superiores:
833 2157 919 2204 horum
931 2164 967 2205 est

81 2223 208 2270 assentatio
220 2225 325 2279 molesta,
337 2240 392 2271 curn
405 2224 434 2271 ad
446 2224 574 2272 vanitatem
584 2224 682 2272 accessit
689 2224 825 2291 auctoritas.

114 2288 212 2336 Secerui
224 2297 304 2338 autern
317 2291 418 2338 blandus
430 2291 521 2338 amicus
533 2308 547 2338 a
559 2307 621 2349 vcro,
633 2299 657 2339 et
668 2291 803 2347 internosci,
815 2301 865 2338 tarn
877 2297 962 2352 potest,

81 2355 184 2402 adhibita
197 2355 326 2415 diligentia,
335 2373 408 2418 quarn
420 2357 501 2405 omnia
513 2357 593 2405 fucata
604 2365 627 2406 ct
638 2358 750 2406 simulata
761 2374 775 2405 a
787 2357 884 2404 sinceris
893 2364 964 2418 atque

81 2421 149 2469 veris.
184 2420 282 2478 Concio,
291 2439 342 2484 quae
355 2439 383 2470 cx
395 2423 577 2485 imperitissimis
584 2432 683 2483 constat,
692 2433 770 2473 tamen
780 2424 886 2487 judicare
897 2425 963 2480 solet,

82 2488 138 2550 quid
151 2488 243 2536 intersit
254 2489 315 2537 inter
326 2491 471 2552 popularem,
484 2491 507 2538 id
521 2499 563 2545 cst,
576 2499 745 2539 assentatorem
757 2500 781 2539 at
794 2493 868 2539 levem
880 2491 964 2546 civem,

81 2563 105 2602 et
122 2555 183 2603 inter
202 2565 357 2611 constantem,
370 2573 485 2615 severum,
498 2566 522 2605 ct
539 2575 642 2618 gravem.
686 2559 780 2617 Quibus
799 2559 918 2605 blanditiis
935 2556 964 2605 C.

82 2622 192 2683 Papirius
211 2640 286 2685 nuper
297 2624 410 2671 influebat
422 2623 447 2670 in
459 2641 528 2672 auras
539 2625 669 2681 concionis,
682 2642 737 2673 curn
755 2625 824 2672 ferret
841 2626 919 2685 legem
935 2624 964 2671 de

82 2689 182 2736 tribunis
200 2691 274 2751 plebis
291 2691 438 2738 reficiendis!
474 2691 639 2740 Dissuasimus
651 2708 702 2739 nos.
737 2692 785 2739 seu
798 2692 857 2739 nihil
870 2692 899 2738 de
912 2707 963 2739 me:

81 2755 111 2801 do
129 2755 240 2817 Scipione
258 2757 335 2805 dicam
352 2758 470 2805 libentius.
505 2759 604 2816 Quanta
615 2759 656 2807 illa
670 2758 724 2820 (Dii
735 2759 906 2823 immortalesl)
920 2757 965 2805 fuit

81 2821 200 2879 gravitas!
228 2825 471 2884 quantainoratione
493 2827 619 2888 majestas!
646 2834 672 2873 ut
690 2826 758 2873 facile
777 2825 863 2873 ducem
883 2824 965 2887 papuli

81 2887 192 2946 Romani,
204 2905 252 2936 non
266 2892 384 2945 comitem,
396 2892 491 2939 diceros.
529 2893 589 2952 (Sed
602 2891 716 2940 affuistis:
735 2900 758 2939 et
770 2892 842 2939 estin
856 2893 964 2939 manibus

81 2956 174 3020 oratic.)
211 2956 293 3018 Itaque
306 2960 343 3006 lex
356 2960 475 3020 popularis
487 2959 606 3019 suffragiis
619 2959 700 3022 populi
710 2960 832 3020 repudiata
844 2967 887 3006 est.
922 2959 965 3006 At-

81 3037 134 3081 quc,
148 3030 173 3068 ut
185 3023 214 3069 ad
226 3040 264 3070 mc
277 3025 377 3078 redeam,
391 3025 538 3083 meministis,
552 3026 583 3085 Q.
596 3027 711 3084 Maxima
721 3026 791 3073 fratre
803 3024 930 3087 Scipionis,
942 3034 966 3072 et

80 3086 109 3135 L.
123 3089 237 3136 Mancino
256 3091 400 3147 consulibus,
413 3109 485 3153 quam
505 3094 624 3155 popularis
642 3095 680 3141 lex
693 3094 722 3141 de
734 3093 871 3140 sacerdotiis
884 3092 913 3139 sl.
926 3092 965 3139 Li·

80 3153 137 3200 cinii
159 3155 240 3202 Crassi
261 3157 397 3205 videbatur:
427 3160 545 3221 cooptatio
569 3160 633 3208 enirn
656 3160 811 3220 collegiorum
834 3161 864 3208 ad
884 3158 963 3222 populi

79 3220 222 3269 beneficium
243 3223 430 3272 transferebatur.
465 3227 546 3288 Atque
559 3227 579 3274 is
597 3227 700 3288 primurn
720 3227 831 3285 instituit,
843 3228 870 3275 in
888 3226 964 3273 forum

73 3301 161 3348 vorsus,
179 3306 251 3354 agera
276 3309 332 3342 curn
358 3292 464 3359 populo:
490 3301 574 3342 turncn
590 3294 656 3342 illins
673 3294 816 3342 vendibilem
834 3294 963 3342 orationem
