2054 3946
85 177 123 231 72
406 172 453 217 DE
476 173 655 219 otricus,

84 279 281 337 continerent:
304 290 351 338 aut
370 282 530 357 interjecti*
552 282 626 339 inter
646 282 839 359 philosophos
859 291 889 341 et
908 300 964 349 eos,

85 360 133 430 qui
159 360 363 435 rempublicam
385 361 624 430 administrarent,
639 363 848 420 delectarentur
867 380 899 421 re
918 382 963 421 sua

84 440 227 506 familiari,
243 459 377 497 noricam
393 441 508 512 quidem
530 443 609 500 omni
629 443 737 499 ratione
751 452 962 519 exaggerantes,

83 537 177 590 neque
193 520 376 577 excludentes
389 522 423 576 ab
437 523 499 597 ejus
514 541 567 578 usu
582 541 669 579 suos:
692 522 847 598 potiusque
859 532 890 581 et
901 524 962 581 ami·

84 598 125 653 cis
141 599 360 674 impartientes‚†
374 611 403 656 et
422 602 597 676 reipublicae,
613 601 766 674 siquando
789 620 860 659 usus
881 614 962 659 esset.

84 677 155 742 Quae
168 679 292 754 primurn
308 682 380 736 bene
394 691 473 754 parta
485 682 532 748 sit,
544 682 624 739 nullo
639 700 732 753 neque
739 682 815 757 turpi
829 688 962 754 quaestud,

84 775 176 829 neque
201 759 318 816 tdioseu
342 770 402 816 turn
427 779 513 831 quam
536 762 677 835 plurimis,
698 760 785 818 ruodo
806 760 913 837 dignis,
934 780 962 819 te

85 837 181 894 utilem
210 840 350 913 praebeat:
377 838 480 896 deinde
508 852 643 915 augeatur
663 842 783 908 ratione,
808 840 961 917 diligentia,

83 916 274 990 parsimonia:
297 937 350 975 neo
363 919 476 975 libidini
489 921 584 995 potius
599 921 786 992 luxuriaque,
797 940 886 993 quarn
897 920 962 977 libe·

84 996 185 1052 ralitati
209 1008 238 1052 et
259 999 453 1055 beneticentiae
479 1010 581 1074 pateat.
625 1000 697 1056 Haec
718 1001 886 1077 praescripta
909 1018 963 1055 ser·

83 1085 196 1132 vantem
220 1076 288 1133 lieet
314 1078 473 1152 magnifice,
500 1080 621 1154 graviter
647 1081 833 1151 animoseque
860 1079 961 1141 vivere,

84 1165 168 1225 atque
191 1155 275 1212 etiam
303 1158 481 1225 simolieiter‚
508 1157 640 1225 fideliter,
669 1159 794 1229 vitoeque
814 1158 961 1215 hominurn

84 1254 174 1291 amice

84 1364 174 1423 cnP.
196 1365 323 1424 XXVII.
360 1365 506 1436 Quartam
531 1366 672 1424 virtutem
702 1364 824 1441 exponit
853 1364 961 1431 Cicero,

122 1447 347 1522 temperantiam
363 1446 471 1503 scilicit
478 1468 492 1515 ,·
514 1445 643 1503 hocloco
659 1445 803 1503 contineri
815 1447 961 1511 decorum,

121 1526 201 1601 quod
213 1526 249 1583 ab
265 1525 383 1583 bonerto
398 1544 459 1583 nort
473 1533 560 1602 qrteot
575 1524 718 1602 separari.

122 1643 287 1708 Sauuirun,
304 1651 334 1697 ut
348 1640 382 1697 de
396 1661 452 1697 una
466 1641 576 1712 reliqua
597 1650 677 1714 parte
695 1638 856 1695 honestatis
871 1637 960 1695 dieen-

83 1720 149 1777 dum
165 1723 220 1778 sit:
245 1722 274 1777 in
300 1739 355 1792 qua
376 1720 555 1786 verecundia,
572 1731 600 1775 et
620 1719 703 1790 quasi
718 1717 834 1789 quidam
849 1729 962 1775 ornatur

83 1801 158 1867 vitae,
173 1801 368 1875 temperantia,
389 1812 417 1857 et
437 1799 586 1865 modestia,
602 1798 754 1869 omnisque
773 1796 885 1855 sedatio
904 1816 962 1873 per·

83 1880 272 1937 turbationum
300 1880 397 1947 animi,
421 1891 449 1936 et
475 1898 569 1935 rerum
596 1877 697 1935 modus
721 1878 856 1933 cernitur.
900 1876 960 1933 Huc

83 1959 146 2014 loco
167 1961 326 2016 continetur
346 1959 385 2026 id,
402 1959 477 2031 quod
499 1958 556 2014 dici
570 1957 671 2013 Latine
693 1955 830 2013 decomrn
852 1966 960 2031 potest:
977 1996 981 2003 .

84 2037 184 2095 Graece
200 2039 276 2095 enirn
291 2053 369 2102 uptun
387 2040 497 2095 dicitnr.
541 2037 637 2112 Hujus
653 2037 695 2092 vis
711 2047 806 2102 eaest,
820 2046 852 2093 ut
866 2036 901 2093 ab
915 2034 962 2091 lio·

83 2129 234 2176 nestorion
248 2132 333 2189 queat
353 2118 486 2194 separari.
530 2117 605 2173 Nam
622 2126 649 2171 et
664 2115 739 2187 quod
754 2114 845 2182 decet,
862 2114 962 2173 hones·

82 2206 142 2253 turn
156 2208 215 2264 est;
237 2208 265 2254 et
280 2199 356 2271 quod
372 2201 522 2255 honestum
536 2207 589 2259 est,
605 2195 696 2251 decet.

117 2277 216 2342 Qualis
227 2289 320 2336 autem
329 2278 488 2335 differentia
498 2277 535 2333 sit
544 2287 572 2331 et
580 2275 692 2332 honesti
701 2284 729 2329 et
737 2273 844 2340 decori,
853 2274 962 2332 facilius

82 2356 213 2434 intelligi,
228 2378 313 2431 quarn
328 2357 490 2433 explanari§
505 2366 608 2431 potest.
651 2352 799 2426 Quidquid
813 2363 858 2410 est
875 2354 962 2421 enirn,

114 2506 128 2599 ἶ
139 2502 264 2566 interjecti.
296 2501 400 2556 Holding
412 2512 427 2543 a
438 2499 526 2544 middle
537 2498 605 2554 place
622 2496 729 2541 between
741 2495 909 2552 pliilosophers
918 2496 963 2541 aud

80 2562 314 2666 poitllitlrhldwnles.
347 2607 406 2652 This
423 2604 582 2660 orthography
594 2604 622 2647 ot
634 2602 672 2647 the
692 2602 753 2653 verb,
765 2614 822 2646 now
843 2602 948 2657 generali

81 2665 172 2708 written
185 2664 299 2718 impertio,
310 2662 331 2706 is
342 2661 465 2716 preserved
484 2661 509 2702 iri
528 2670 600 2720 marry
613 2659 688 2718 MSS„
705 2656 751 2700 and
771 2668 856 2699 occurs
870 2656 909 2701 cli.
927 2614 964 2699 td.

80 2718 128 2761 and
144 2718 182 2761 lib.
200 2717 223 2761 ii.
243 2718 277 2761 15.
311 2718 332 2760 A
353 2715 441 2757 similar
459 2712 624 2762 abbreviation,
636 2715 654 2753 it
672 2722 728 2771 may
741 2709 769 2752 be
781 2710 965 2765 observed,vrtis

80 2771 205 2826 employed
217 2775 241 2815 to
252 2781 349 2823 express
355 2780 408 2822 pur,
417 2778 468 2822 per,
480 2766 527 2809 and
537 2776 589 2821 por,
601 2765 626 2808 iri
638 2767 734 2808 ancient
744 2764 813 2807 MSS.

114 2831 126 2877 ss
141 2825 248 2878 Quaerite.
282 2826 326 2868 See
338 2822 352 2865 i.
364 2821 400 2875 20,
413 2828 469 2864 note
478 2821 501 2864 2.

384 2905 537 2950 CHAPTER
554 2903 656 2948 XXVII.

114 2977 128 3031 ς
141 2977 246 3035 intelligi
255 2989 329 3033 quam
338 2975 476 3030 explanari.
510 2974 564 3019 itis
576 2974 664 3035 always
675 2975 699 3034 to
708 2969 736 3034 be
749 2970 884 3034 nispected,
892 2971 963 3019 when

80 3043 163 3076 arnan
175 3044 254 3076 avows
267 3032 302 3074 bis
320 3027 425 3089 inubility
437 3033 461 3071 to
473 3031 646 3071 communicate
663 3025 699 3087 his
715 3024 787 3078 idetis,
798 3024 849 3067 that
860 3024 899 3069 his
907 3036 962 3089 oujn

80 3085 275 3139 comprehension
292 3083 320 3126 of
334 3082 396 3125 them
409 3094 429 3123 is
441 3084 483 3123 not
494 3081 532 3123 the
545 3083 606 3123 rnost
616 3079 717 3121 distinct.
753 3079 781 3121 ln
792 3077 858 3121 what
870 3078 963 3123 thedis·

73 3138 170 3182 terciaco
180 3138 283 3181 consisto
295 3135 403 3179 between
420 3134 459 3178 the
477 3133 608 3186 mutatum,
619 3132 666 3174 and
678 3130 716 3174 the
728 3131 844 3190 doeprrtm,
857 3143 916 3192 may
928 3132 963 3177 iri·

63 3191 129 3233 daed
140 3190 169 3234 be
181 3204 196 3235 n
207 3192 267 3235 little
278 3189 382 3243 difficult
399 3194 425 3234 to
442 3186 530 3232 detine.
562 3184 754 3230 'therenuten
768 3196 791 3225 iii
803 3184 911 3239 possibly
923 3185 962 3229 tbo
