2054 3946
71 201 126 255 116
369 197 418 243 DE
443 196 629 245 orl-*Icus

67 307 123 362 nisi
138 305 269 362 homines
285 304 459 380 adjuvarent,
475 306 584 381 percipi
603 304 724 382 posset!
766 304 848 363 Nam
860 304 941 377 etqui

68 385 211 459 principes
233 385 414 442 inveniendi*
430 385 551 452 suerunt,
567 403 652 456 quem
670 402 708 441 ex
722 402 839 456 quaque
858 384 942 443 bellur

68 482 152 519 usum
178 464 280 520 habere
302 483 465 539 possemus,
488 465 620 521 homines
644 475 719 521 certe
740 463 878 521 suerunt:
898 482 943 521 ner

67 542 122 599 hoc
136 552 264 617 ternpore
283 544 345 599 sine
360 544 509 601 hominum
522 562 610 618 opera
629 552 677 599 aut
696 561 818 619 poscere
832 560 891 609 ees,
903 554 943 601 uu

69 620 194 687 domare,
206 634 253 679 aut
267 624 348 689 tueri,
359 634 407 679 aut
422 624 606 698 tempestivos
618 623 725 679 fruetus
738 640 777 679 ex
793 622 839 679 his
851 640 942 699 cepere

68 720 237 776 possemus:
260 703 295 757 ab
312 702 478 774 eisdemque
493 712 522 759 et
535 721 586 769 eae,
603 720 666 773 quae
686 712 804 770 nocent,
819 702 943 759 interfici·

69 792 169 847 untur3
192 794 297 853 etque
311 782 376 837 usui
392 793 513 856 possunt
527 800 601 847 esse,
616 782 777 857 capiuntur.

108 861 183 925 Quid
205 880 370 917 enumerem
397 863 498 917 artium
519 861 740 927 multitudinem,
764 862 830 919 sine
850 861 942 933 quibus

68 940 125 995 vita
136 942 253 997 omnino
266 941 343 996 nulla
352 959 416 996 esse
426 940 585 1015 potuisset?
620 941 693 1006 Quis
705 941 785 997 enim
795 941 944 1017 aegrissulr·

69 1020 185 1085 veniret,
208 1039 269 1090 quae
285 1031 361 1076 esset
375 1020 525 1077 oblectatio
540 1021 705 1086 valentium,
720 1020 772 1091 qui
786 1021 891 1087 victus,
904 1030 944 1077 sut

68 1099 170 1164 cultus,
186 1100 241 1154 nisi
257 1109 313 1155 tam
334 1100 428 1155 multer
443 1100 524 1155 nobis
540 1111 613 1156 artes
627 1100 833 1167 ministrarent,
849 1100 943 1173 quibus

68 1179 151 1233 rebus
173 1179 286 1234 exculta
307 1179 455 1235 hominum
476 1179 534 1235 vita
557 1190 665 1236 tantum
689 1179 813 1235 distata
828 1181 904 1237 victu
921 1188 946 1237 et
968 1180 971 1195 '

67 1258 144 1313 cultu
156 1259 309 1313 bestiarum
324 1259 335 1313 i
377 1259 470 1315 Urbes
482 1277 548 1314 vero
563 1260 624 1315 sine
639 1258 789 1315 hominum
806 1272 882 1316 coetu
895 1276 946 1317 nou

67 1338 228 1412 potuissent
241 1356 293 1393 nec
308 1337 451 1402 edificari,
467 1357 520 1394 nec
534 1338 724 1410 frequentari:
747 1357 785 1395 ex
800 1356 862 1410 quo
874 1339 946 1415 leger

68 1435 219 1487 moresque
234 1417 389 1485 constituti,
402 1429 462 1474 tum
471 1418 545 1493 juris
561 1437 642 1489 mqua
653 1417 809 1493 descriptio
821 1428 946 1491 certaque

68 1587 230 1643 consecuta,
257 1585 285 1631 et
306 1577 476 1633 verecundia
496 1588 559 1643 est3
588 1576 791 1648 effectumque,
821 1588 852 1633 et
877 1586 948 1635 esset

68 1656 125 1712 vita
145 1657 298 1722 munitior3
321 1667 405 1727 atque
422 1666 452 1713 ut
472 1656 564 1712 dando
579 1666 608 1711 et
628 1656 807 1730 accipiendo,
823 1666 948 1715 mutuen-

68 1734 169 1807 disque
181 1735 359 1792 facultatibus
374 1747 402 1791 et
415 1735 631 1792 commodandis
645 1736 723 1792 nulla
734 1754 765 1792 re
777 1754 937 1811 egeremus.

69 1846 158 1904 CAP.
176 1847 213 1902 V.
255 1846 400 1904 Hom-ines
415 1846 585 1903 dominibus
607 1854 634 1903 et
651 1846 749 1903 obesse
764 1846 946 1923 plurimum:

236 1926 364 2002 quidque
378 1927 464 2002 offleii
479 1926 547 1984 inde
562 1925 772 1984 deducendum.

109 2020 280 2077 Loncronss
314 2022 368 2079 hoc
396 2022 459 2079 loco
487 2042 596 2089 sumus,
624 2041 710 2094 qnam
743 2040 865 2079 necesse
898 2030 946 2079 est.

70 2099 141 2164 Quis
156 2111 199 2155 est
213 2102 300 2165 enim,
314 2103 359 2158 eui
374 2121 431 2158 non
441 2103 592 2176 perspicua
604 2102 661 2158 siut
672 2102 729 2168 illa,
743 2121 807 2173 quae
823 2100 947 2177 pluribus

70 2181 162 2235 verbis
190 2199 206 2234 a
232 2180 359 2237 Pnnaetio
387 2193 654 2249 commemorantur,
684 2182 830 2238 neminem
859 2197 947 2253 neque

69 2257 171 2315 ducem
186 2260 262 2326 belli,
279 2279 331 2315 uec
352 2260 512 2334 principem
531 2259 619 2325 domi,
635 2280 752 2335 magnos
767 2280 813 2316 res
829 2270 858 2317 et
879 2260 948 2317 salu·

69 2349 142 2394 tares
164 2340 226 2394 sine
247 2339 396 2396 hominurn
424 2339 525 2395 studiis
547 2359 644 2414 gerere
669 2340 822 2414 potuisse?
865 2338 947 2397 Com·

71 2430 241 2473 memoratur
256 2420 289 2474 ab
308 2437 342 2474 eo
358 2419 580 2484 Themistocleo,
598 2419 734 2484 Pericles
751 2418 863 2493 Cyrus,
878 2420 946 2495 Age-

69 2498 167 2563 silaus,
185 2497 363 2563 Alexander;
386 2517 457 2568 quos
479 2510 564 2572 negat
586 2499 647 2554 sine
670 2497 842 2572 adjumentis
861 2496 946 2555 homi·

77 2595 137 2633 rum
160 2590 248 2632 tantas
276 2596 320 2633 res
348 2577 460 2634 efficere
484 2578 622 2651 potuisse.
666 2578 761 2633 Utitur
786 2578 817 2633 in
841 2596 872 2634 re
895 2590 946 2634 noo

70 2655 155 2713 dubia
170 2657 288 2713 testibus
304 2676 361 2712 non
376 2657 553 2713 necessariis.
596 2659 689 2727 Atque
701 2668 729 2712 ut
742 2675 862 2732 magnas
877 2654 945 2719 utili-

70 2746 139 2791 tates
162 2736 346 2809 adipiscimur
367 2737 576 2810 conspiratione
599 2736 746 2792 hominum
773 2747 859 2808 atque
886 2754 946 2793 con·

70 2833 176 2881 sensu;
200 2817 242 2871 sic
267 2816 344 2871 nulla
364 2824 421 2870 tam
443 2815 615 2871 detestabilis
637 2817 724 2888 pestis
740 2825 793 2882 est,
810 2834 874 2886 quur
894 2834 947 2873 uon

70 2893 180 2950 homini
195 2896 229 2950 ab
251 2895 366 2951 homine
382 2905 521 2951 nascatur.
563 2895 619 2951 Est
636 2894 815 2951 Dicaearchi‘
831 2896 905 2952 liber
915 2892 946 2951 de

103 3012 117 3040 *
128 3004 248 3059 Principes
259 3004 402 3050 inveniendi.
438 3005 510 3050 These
524 3005 639 3061 rohrrflret
650 3004 788 3050 discovered.

407 3091 559 3135 CHAPTER
577 3092 607 3134 V.

104 3154 264 3211 wermundi.
300 3160 321 3205 A
341 3160 421 3205 native
433 3161 460 3203 of
474 3160 589 3212 Messine,
606 3159 655 3203 end
672 3159 769 3214 disciplo
788 3159 817 3203 of
834 3160 946 3205 Aristode

62 3206 128 3264 mog.
140 3213 220 3256 Lucrt.
232 3213 264 3259 iii.
277 3215 300 3260 4.
334 3216 369 3261 Of
378 3214 415 3261 his
426 3226 561 3260 numerous
570 3213 687 3269 urit'rngs,
694 3224 762 3256 some
769 3212 925 3258 sniumundo.
