2054 3946
99 188 136 242 5ss
424 181 472 226 DE
489 180 661 228 orrtclts

99 292 144 348 vel
159 292 253 367 potius
275 290 353 347 solus
375 309 450 347 csse.
493 291 618 349 Difficile
639 301 731 349 autem
752 301 807 359 est,
822 310 890 349 cum
910 310 978 371 pm·

98 382 171 428 stare
187 372 318 428 omnibus
331 371 521 445 concupieris,
537 390 648 429 servare
670 372 843 443 aequitatem,
859 382 978 445 quaeest

100 452 218 527 justitia>
233 451 357 506 maxime
369 451 493 525 proprie.
536 453 585 509 Ex
599 470 656 522 quo
667 451 709 518 fit,
722 463 752 507 ut
766 469 860 523 neque
870 450 979 529 discep-

99 532 204 587 tatione
221 531 296 585 vinci
311 548 352 595 se,
366 548 421 586 nec
435 530 493 586 ullo
507 532 622 605 publico
638 550 669 586 ac
683 530 813 607 legitimo
829 532 898 607 jure
911 532 978 607 pati·

99 620 180 667 antur
192 615 218 667 ι*
234 610 431 681 exsistuntque
446 609 476 666 in
488 611 634 685 republica
648 609 816 684 plerumque
831 611 977 686 largitores

98 699 128 748 et
146 689 267 755 factiosi,
288 700 320 745 ut
340 708 410 765 opes
435 706 519 760 quam
547 690 687 746 maximas
709 700 932 763 consequantur,
951 698 978 747 et

98 770 156 826 sint
182 771 210 827 vi
237 771 331 844 potius
353 769 526 844 superiores,
549 787 634 839 quam
652 768 765 844 justitia
784 788 881 846 pares.
923 768 977 827 Sed

99 867 155 921 quo
171 849 325 913 difficilius,
341 848 396 904 hoc
411 847 583 923 praeclarius.
626 848 747 905 Nullum
762 859 806 905 est
818 847 899 906 enim
912 860 977 907 tem·

98 947 163 1005 pus,
178 928 255 1000 quod
271 929 382 1003 justitia
398 945 495 984 vacare
510 926 619 984 debeat.

138 1009 239 1065 Fortes
260 1009 346 1082 igitur
366 1016 395 1063 et
415 1007 589 1082 magnanimi
609 1016 677 1063 sunt
695 1006 830 1074 habendi,
851 1025 912 1065 non
930 1006 977 1081 qui
1019 1078 1021 1083 Ι

99 1086 216 1153 faciunt,
231 1087 281 1142 sed
303 1088 351 1157 qui
373 1087 541 1162 propulsant
559 1087 703 1162 injuriam.
745 1086 824 1142 Vera
843 1096 938 1145 autem
950 1096 977 1145 et
1018 1090 1021 1119 ¹

99 1168 214 1242 sapiens
230 1167 316 1222 animi
333 1165 507 1241 magnitudo,
523 1165 674 1222 honestum
696 1164 776 1233 illud,
793 1165 872 1238 quod
892 1166 977 1225 maxi·
1018 1124 1021 1235 l

99 1265 146 1303 me
167 1256 266 1302 natura
287 1246 424 1316 sequitur,
447 1246 476 1301 in
497 1245 579 1301 lactis
601 1246 737 1321 positum,
759 1265 818 1303 non
839 1246 871 1303 in
892 1246 976 1322 gloria
1018 1238 1021 1323 l

102 1324 230 1400 judicat:
253 1325 470 1400 principemque
491 1344 522 1380 se
544 1344 608 1381 esse
630 1324 747 1392 mavult,
769 1343 856 1396 quam
878 1324 975 1383 videri·
1019 1340 1021 1403 j

98 1404 216 1462 Etenim
232 1405 281 1476 qui
291 1423 329 1460 ex
339 1424 432 1461 errore
447 1405 584 1478 imperitat
600 1404 790 1461 multitudinis
804 1404 922 1480 pendet,
932 1404 976 1463 hic
1018 1414 1021 1505 p

98 1485 129 1542 in
143 1486 254 1561 magnis
266 1484 335 1540 viris
348 1503 405 1541 non
418 1494 461 1539 est
477 1482 634 1540 habendus.
670 1484 820 1541 Facillime
835 1495 932 1543 autem
944 1484 977 1543 ad

98 1582 143 1621 res
157 1566 276 1642 injustas
291 1564 455 1639 impellitur,
471 1564 636 1635 utquisque
657 1564 797 1620 altissimo
812 1565 912 1621 animo
924 1574 974 1631 ert,

97 1644 194 1720 gloriae
210 1643 374 1719 cupiditate.
417 1643 474 1709 Qui
496 1644 575 1700 locus
596 1654 640 1699 est
660 1662 729 1700 sane
749 1644 823 1701 lubri
862 1663 888 1712 s,
904 1642 975 1717 quod

97 1725 147 1781 vix
161 1725 313 1789 invenitur,
329 1723 389 1795 qui,
399 1722 543 1779 laboribus
557 1724 698 1797 susceptis
713 1724 821 1797 pericul
870 1742 908 1781 ue
922 1723 976 1782 adi·

98 1804 145 1870 tis,
171 1823 229 1860 non
256 1804 338 1875 quasi
359 1801 520 1859 mercedem
549 1821 642 1859 rerum
669 1812 812 1878 gestarum
838 1803 976 1862 desideret

97 1883 227 1959 gloriam.

178 2008 267 2066 CAP.
284 2009 351 2066 XX.
367 2007 532 2085 Nunquam
545 2025 604 2064 esse
615 2026 735 2066 causum
743 2010 900 2086 peccandi.

138 2121 262 2179 Ouwmo
277 2121 356 2178 sortis
373 2121 483 2177 animus
498 2130 527 2178 et
541 2140 660 2197 magnus
673 2120 782 2178 duabus
791 2124 878 2179 rebus
889 2122 975 2181 maxi·

98 2220 144 2258 me
160 2201 302 2257 cernitur:
326 2220 443 2272 quarum
459 2220 515 2257 una
529 2201 559 2256 in
573 2219 667 2257 rerum
689 2212 871 2259 externamm
885 2202 976 2279 despi-

98 2281 215 2342 cientia’t
241 2282 365 2356 ponitur,
388 2299 453 2337 cum
474 2298 642 2355 persuasum
663 2281 710 2347 sit,
726 2280 798 2337 nihil
818 2281 975 2348 hominem,

98 2361 155 2418 nisi
169 2361 244 2432 quod
261 2361 411 2416 honestum
426 2359 618 2430 decorumque
640 2360 687 2425 sit,
703 2372 750 2416 aut
770 2359 916 2430 admirari,
931 2370 977 2419 aut

97 2452 205 2516 optare,
219 2450 266 2496 aut
278 2451 411 2515 expetere
426 2450 574 2514 oportere:
596 2438 724 2511 nullique
733 2446 844 2514 nequess
854 2440 974 2509 homiui,
1019 2462 1021 2503 Ι

129 2589 142 2615 *
152 2582 292 2628 Pelluntur.
326 2582 451 2627 Facciolati
464 2582 518 2627 here
530 2583 634 2627 remarks
647 2582 684 2627 the
696 2583 789 2637 change
801 2584 830 2628 of
842 2584 946 2631 number
954 2588 977 2630 a

96 2635 134 2680 the
146 2637 231 2691 plural,
244 2635 321 2679 which
333 2636 362 2679 he
374 2649 428 2691 says
441 2638 509 2679 isnot
518 2638 623 2681 unusual
632 2636 690 2681 with
699 2639 787 2691 cicere,
794 2638 868 2683 when
880 2639 976 2695 tumim
1019 2682 1021 2687 .

96 2688 134 2734 the
146 2690 264 2734 discourse
277 2695 301 2734 to
313 2702 369 2733 men
381 2689 407 2733 in
420 2690 521 2744 general.
537 2742 540 2748 Ι
1019 2700 1021 2731 τ

423 2791 574 2837 CHAPTER
591 2792 647 2836 XX.

129 2861 144 2916 †
156 2861 318 2917 Despaimrtu.
353 2859 411 2904 This
422 2863 486 2903 must
497 2864 540 2904 not
550 2861 578 2904 be
589 2861 730 2916 interpreted
743 2874 770 2905 as
781 2863 977 2920 recommending
1019 2892 1021 2919 ;

95 2915 185 2969 perfect
196 2916 299 2969 aqrathy3
318 2914 360 2957 but
371 2913 449 2957 rather
461 2913 499 2957 the
512 2913 630 2965 disregard
643 2916 671 2958 of
681 2915 732 2959 that
743 2915 821 2960 which
833 2915 878 2960 lies
889 2918 976 2975 wholly

94 2967 177 3011 within
188 2969 226 3011 the
238 2979 318 3024 power
330 2968 357 3010 os
368 2967 453 3019 others,
465 2967 528 3009 oros
541 2969 639 3012 fortune.

128 3021 272 3074 amotusque
289 3032 374 3073 neque.
408 3019 460 3064 The
478 3031 521 3081 use
540 3021 568 3063 of
581 3025 629 3063 two
647 3021 775 3075 negatives,
793 3021 818 3066 in
835 3034 850 3065 a
865 3023 975 3079 negatlm

93 3084 172 3124 sense,
189 3074 210 3116 is
224 3080 267 3118 not
284 3075 393 3128 frequent
409 3073 434 3116 in
455 3075 526 3118 Latm
547 3074 650 3118 authors.
684 3076 714 3118 ln
737 3075 783 3118 this
804 3076 853 3119 and
876 3076 975 3121 another

85 3125 203 3177 instance,
217 3140 237 3172 c.
249 3128 288 3182 26,
297 3127 384 3174 nullus
396 3126 446 3172 and
460 3137 545 3181 arque,
555 3127 584 3169 'm
599 3127 761 3182 coniunctiori,
772 3141 811 3171 are
829 3128 941 3175 however
951 3134 974 3175 to
1008 3138 1012 3151 ¹

79 3176 109 3221 ba
116 3178 270 3236 r'nterprcted
281 3183 432 3240 negatirely.
460 3180 531 3237 They
541 3193 583 3225 are
591 3181 642 3224 also
649 3181 877 3235 thusamqtoqcouq
886 3182 973 3237 Ἧι·
