2054 3946
470 509 549 555 car.
565 509 626 554 xx.
897 522 899 526 ·
931 516 990 572 2¹19

105 617 203 677 lacibus,
221 617 313 666 fructus
340 624 457 681 appareat,
473 632 523 666 non
549 625 607 666 sunt
633 617 677 666 illa
701 616 797 679 quidem
823 618 989 681 repudianda:

105 693 210 733 vetustas
227 692 307 733 tamen
324 701 369 733 ouo
387 687 438 733 loco
450 685 610 733 conservanda
621 693 664 733 est.
698 684 807 732 Maxima
818 693 854 732 est
870 686 936 735 enim
953 686 991 735 vis

105 751 237 809 vetustatis,
250 760 273 800 et
290 752 485 801 consuetudinis:
510 759 543 808 ut,
555 752 581 800 in
598 752 650 815 ipso
664 767 734 813 equo,
746 752 816 816 cujus
833 753 903 800 modo
924 769 991 801 men·

106 818 196 867 tionem
213 819 265 877 feci,
278 819 297 867 si
310 820 377 868 nulla
387 835 424 867 res
437 819 556 883 impediat,
569 834 640 867 nemo
652 828 694 877 est,
706 819 748 881 qui
760 835 809 867 non
825 836 861 878 eo,
874 835 922 881 quo
933 836 991 869 eon·

105 887 190 944 suevit,
202 886 313 934 libentius
330 894 417 944 utatur,
429 903 501 948 quarn
521 885 645 934 intractato
663 897 687 934 et
705 902 783 934 novo:
808 901 853 934 nec
875 887 946 935 modo
963 887 990 936 in

106 954 158 1010 hoc,
168 954 231 1015 quod
243 962 279 1001 est
291 953 389 1011 animal,
397 954 439 1002 sed
450 955 475 1001 in
488 953 517 1000 iis
529 953 600 1002 etiam
612 969 664 1016 quae
676 961 734 1002 sunt
745 953 883 1010 inanimata,
892 970 991 1003 consue·

107 1020 163 1068 tudo
176 1021 250 1078 valet3
270 1036 326 1068 cum
344 1021 401 1069 locis
413 1021 484 1068 etiam
496 1020 554 1083 ipsis
571 1020 704 1068 montuosis
721 1021 864 1069 delectemur
875 1030 899 1069 et
911 1022 991 1070 silves·

107 1086 188 1143 tribus,
200 1088 226 1135 in
238 1087 325 1150 quibus
336 1087 426 1136 diutius
437 1086 576 1137 commorati
588 1103 680 1136 sumus.

139 1153 187 1201 Sed
199 1154 330 1202 marimum
344 1164 380 1203 est
391 1156 416 1202 in
429 1154 539 1211 amicitia,
552 1154 695 1216 superiorem
713 1169 793 1217 parem
809 1170 860 1202 esse
873 1154 977 1203 inferiori

105 1236 168 1282 sape
179 1221 244 1269 enirn
256 1222 400 1270 excellentias
412 1222 518 1283 quaedam
530 1229 599 1278 sunt3
617 1221 694 1284 qualis
706 1229 756 1269 erat
767 1221 886 1283 Scipionis
898 1221 924 1270 in
936 1239 991 1271 nos·

108 1297 144 1334 tro
158 1287 197 1350 (ut
214 1289 248 1335 ita
264 1287 354 1352 dicam)
369 1304 446 1349 grege.
480 1287 615 1349 Nunquam
626 1305 651 1336 se
663 1287 702 1336 ille
714 1289 792 1343 Philo,
804 1304 928 1350 nunquam
941 1290 990 1339 Ru-

107 1354 172 1416 pilio,
184 1369 309 1416 nunquam
330 1355 449 1402 Mummio
467 1355 608 1417 anteposuit,
621 1371 745 1417 nunquam
765 1355 881 1403 inferioris
902 1357 991 1405 ordinis

108 1420 198 1469 amicis.
233 1422 264 1480 Q.
274 1438 330 1469 vero
342 1421 484 1479 Maximum,
496 1421 598 1479 fratrem,
606 1422 728 1483 egregium
740 1423 825 1480 virum,
835 1423 933 1471 omnino
945 1423 988 1473 sibi

108 1503 260 1550 nequaquam
278 1504 366 1550 parem,
378 1488 473 1550 quodis
490 1489 593 1537 anteibat
610 1497 684 1547 etate,
697 1496 818 1551 tamquam
839 1491 990 1552 superiorem,

107 1555 213 1612 colebat;
230 1570 333 1616 suosque
345 1572 428 1603 omnes
440 1571 481 1618 per
492 1572 517 1604 se
528 1572 580 1604 esse
592 1557 717 1619 ampliores
734 1557 833 1604 volebat.
868 1557 940 1616 Quod
957 1557 991 1605 la·

108 1621 220 1670 ciendum
238 1622 426 1683 imitandumque
443 1631 480 1671 est
496 1623 623 1679 omnibus;
640 1631 674 1680 ut,
692 1622 713 1670 si
735 1640 808 1685 quam
830 1625 990 1686 praestantiam

109 1689 208 1747 virtutis,
220 1688 318 1749 ingenii,
330 1688 429 1737 fortune
440 1689 563 1738 consecuti
575 1698 638 1746 sunt,
646 1689 782 1752 impertiant
793 1707 845 1738 eam
858 1691 915 1748 suis,
927 1708 990 1740 com·

108 1755 280 1817 rnunicentque
291 1771 347 1804 oum
359 1756 489 1819 proximis:
508 1765 542 1814 ut,
552 1756 572 1804 si
581 1757 718 1820 parentibus
730 1756 781 1805 nati
792 1756 841 1804 sint
852 1757 990 1817 humilibus,

107 1821 129 1871 si
140 1821 285 1885 propinquos
302 1822 405 1872 habeant
421 1823 584 1872 imbecilliores
595 1825 633 1872 vel
644 1823 725 1872 animo
743 1825 780 1872 vel
794 1823 894 1882 fortuna,
906 1841 990 1874 eorum

109 1896 212 1948 augeant
229 1905 293 1952 opes,
305 1889 386 1952 eisque
404 1889 488 1939 honori
506 1890 561 1949 sint,
572 1897 597 1938 et
614 1891 736 1951 dignitati:
754 1898 788 1945 ut,
800 1890 825 1938 in
844 1890 935 1949 sabulis,
947 1891 989 1954 qui

108 1955 261 2018 aliquamdiu,
273 1964 367 2019 propter
386 1957 559 2018 ignorationem
579 1957 659 2021 stirpis
675 1966 700 2006 et
716 1957 816 2018 generis,
827 1957 853 2004 in
874 1958 991 2008 famulatu

108 2022 203 2080 luerint,
215 2039 271 2071 cum
283 2023 372 2085 cogniti
383 2032 447 2081 sunt,
459 2032 483 2072 et
493 2031 535 2072 aut
552 2024 658 2073 Deorum
677 2032 719 2073 aut
735 2041 819 2085 regum
836 2025 879 2072 filii
890 2027 990 2085 inventi,

110 2089 211 2138 retinent
223 2098 303 2139 tamen
315 2090 436 2139 caritatem
448 2091 474 2139 in
481 2099 594 2154 pastores,
601 2108 661 2154 quos
670 2099 747 2154 patres
755 2092 843 2139 multos
851 2108 927 2141 annos
938 2109 991 2142 esse

109 2156 238 2205 duxerunt.
273 2157 345 2216 Quod
357 2157 454 2220 quidem
471 2167 506 2207 est
523 2160 599 2206 multo
610 2157 714 2221 prolecto
726 2159 801 2218 magis
810 2158 836 2206 in
848 2159 908 2207 voris
920 2161 990 2223 patri·

109 2225 161 2281 bus,
181 2223 304 2286 certisque,
325 2225 467 2273 laciendum.
511 2225 615 2274 Fructus
640 2225 705 2274 enim
730 2225 822 2286 ingenii
844 2235 868 2274 et
890 2227 990 2286 virtutis,

109 2289 234 2352 omnisque
253 2291 399 2353 prestantia,
417 2299 469 2341 tum
486 2292 607 2341 maximus
623 2292 722 2356 capitur,
734 2309 789 2341 curn
807 2291 833 2340 in
853 2294 990 2356 proximum

109 2373 229 2420 quemque
241 2358 369 2408 confertur.

141 2491 199 2540 XX.
217 2492 252 2540 Ut
263 2492 335 2553 igitur
345 2492 369 2551 ii,
377 2492 418 2555 qui
430 2501 488 2542 sunt
499 2492 524 2542 in
536 2493 644 2542 amicitie
654 2494 877 2558 conjunctionisque
888 2496 981 2545 necessi

110 2559 193 2607 tudine
204 2561 343 2621 superiores,
354 2576 478 2622 eraequare
491 2577 515 2608 se
527 2577 583 2610 cum
601 2560 750 2610 inferioribus
765 2562 867 2620 debent;
885 2563 920 2610 sic
932 2562 990 2610 infe·

109 2625 181 2672 riores
199 2642 248 2672 non
265 2627 350 2686 dolero,
362 2644 387 2674 se
399 2644 414 2675 a
425 2628 475 2676 suis
486 2635 528 2676 aut
540 2627 637 2689 ingenio
648 2636 690 2677 aut
706 2627 801 2676 fortuna
817 2637 857 2676 aut
875 2629 990 2690 dignitate

109 2692 228 2753 superari:
247 2709 348 2754 quorum
360 2694 465 2757 plerique
473 2703 514 2743 aut
526 2705 657 2757 queruntur
664 2711 758 2758 semper
765 2695 860 2756 aliquid,
869 2696 990 2746 autetiam

109 2759 264 2820 exprobrant3
287 2776 362 2821 eoque
382 2761 466 2822 magis,
478 2761 498 2809 si
516 2763 600 2810 babere
618 2779 643 2810 so
661 2763 827 2824 putantquod
845 2762 949 2811 officiose
966 2772 991 2813 et

109 2824 191 2882 amice,
203 2833 293 2873 etcum
305 2828 382 2875 labore
394 2829 474 2890 aliquo
485 2844 535 2885 suo,
548 2829 637 2876 factum
649 2837 738 2889 queant
754 2828 838 2877 dicere.
873 2830 990 2880 Odiosum

108 2907 166 2939 sane
175 2907 252 2953 genus
263 2892 481 2951 ltominum,officia
489 2895 696 2956 exprobrantium
713 2912 765 2956 quie
777 2895 913 2944 meminisse
922 2897 991 2947 debet

108 2959 128 3006 is
140 2958 166 3005 in
178 2975 249 3021 quem
261 2960 345 3007 collata
357 2968 420 3015 sunt,
432 2976 482 3008 non
494 2977 685 3018 commemorare,
697 2960 739 3023 qui
750 2962 857 3027 eontulit

141 3025 302 3083 Quamobrem
314 3035 341 3075 ut
352 3026 375 3084 ii,
388 3027 429 3088 qui
447 3027 578 3090 superiores
595 3035 658 3085 sunt,
676 3028 813 3077 submittere
824 3046 850 3077 ao
861 3031 948 3079 debent
964 3031 991 3081 in

108 3092 258 3149 amicitia‚sic
266 3094 367 3154 quodam
380 3094 450 3141 modo
457 3093 577 3142 inferiores
586 3094 704 3144 extollere.
738 3095 803 3144 Sunt
813 3096 878 3144 enim
886 3098 990 3159 quidam,

108 3159 149 3220 qni
161 3160 271 3207 molestas
283 3160 398 3208 amicitias
409 3160 507 3219 iaciunt,
519 3177 575 3209 cum
584 3161 630 3224 ipsi
641 3178 667 3209 se
679 3163 798 3211 contemni
810 3171 909 3226 putant;
926 3166 991 3227 quod

108 3241 157 3273 non
169 3225 215 3273 sere
227 3227 351 3288 contingit,
363 3227 410 3275 nisi
422 3227 451 3275 iis
463 3228 504 3290 qui
514 3228 585 3276 etiam
602 3229 788 3277 contemnendos
799 3246 825 3278 se
837 3232 991 3289 arbitrantur3

110 3292 149 3354 qui
168 3292 213 3341 hac
233 3294 353 3357 opinione,
374 3311 423 3343 non
447 3296 517 3344 modo
537 3295 621 3355 verbis,
641 3295 774 3345 sedetiam
796 3313 874 3360 opere,
895 3299 991 3348 levandi

107 3367 173 3407 sunt.

140 3426 249 3475 'l’anturn
278 3436 358 3476 autem
383 3428 469 3492 cuique
492 3429 651 3488 tribuendum,
669 3429 780 3492 primum,
795 3442 912 3496 quantum
939 3432 991 3496 ipae

107 3493 198 3542 allicere
217 3495 309 3558 possis;
332 3496 417 3545 deinde
435 3497 514 3557 etiam,
525 3505 644 3561 quantum
664 3496 713 3557 ille,
723 3517 799 3560 qnam
815 3500 904 3558 diliqaa
918 3507 997 3555 alapis
