2054 3946
298 488 401 538 utut.
435 487 699 536 ctuxxxvttt.
895 491 936 547 liti

48 616 145 676 CAP.
174 616 345 675 XXXVIII.
379 615 530 687 Quomodo
556 615 788 693 castigandum.-
810 613 884 692 quid
902 616 936 673 iu

251 696 435 754 sermonibus
457 695 672 765 obseruandum
688 695 737 753 ait.

92 810 158 867 Suu
172 808 316 881 quomodo
330 809 360 866 in
374 810 453 865 omni
468 809 525 865 vita
545 810 703 866 rectissime
718 809 890 883 praecipitur,
906 818 938 865 ut

52 889 279 967 perturbationes
306 886 458 965 fugiamus,
473 887 503 944 id
523 899 576 956 est,
598 900 690 946 motus
712 889 799 945 anitui
820 889 935 955 nimios,

53 969 157 1026 rationi
191 987 249 1025 non
279 968 524 1044 obtemperantes:
561 969 603 1024 sic
637 967 779 1044 ejusmodi
812 969 936 1024 motibus

54 1066 148 1105 sermo
171 1047 255 1104 debet
274 1065 383 1115 vacare,
399 1066 435 1103 ne
456 1058 504 1104 aut
523 1048 564 1104 Ira
584 1049 714 1113 exsistat,
728 1057 777 1103 aut
796 1047 937 1122 cupiditas

55 1127 161 1199 aliqua,
175 1137 224 1183 aut
243 1127 366 1201 pigritia,
382 1138 430 1183 aut
449 1128 571 1201 ignavia,
585 1139 635 1183 aut
655 1127 710 1183 tale
731 1127 837 1197 aliquid
853 1146 937 1202 appa·

55 1218 131 1278 reat.¹
167 1206 353 1276 Maximeque
374 1207 529 1263 curandum
551 1216 604 1273 est,
620 1216 650 1263 ut
671 1224 731 1273 eos,
747 1208 849 1277 quibus
871 1226 936 1263 cum

54 1303 218 1342 sermonem
240 1285 429 1352 conferemus,
445 1296 474 1341 et
487 1287 588 1353 vereri,
604 1298 631 1342 et
647 1285 766 1360 diligere
781 1285 936 1343 videamur.

54 1364 276 1440 Objurgationes
301 1365 385 1421 etiam
411 1384 624 1438 nonnumquam
650 1365 780 1422 incidunt
808 1384 937 1422 necessa·

54 1444 113 1510 riae,
130 1442 163 1500 in
190 1445 292 1515 quibus
316 1444 450 1501 utendum
472 1455 516 1501 est
536 1446 654 1502 fortasse
676 1455 704 1501 et
723 1446 801 1501 vocis
823 1456 938 1502 conteu-

53 1522 130 1582 tione
146 1523 264 1599 majore,
280 1533 308 1579 et
328 1525 477 1581 verborum
501 1525 635 1599 gravitate
662 1525 788 1589 acueret
811 1524 840 1580 id
854 1544 939 1599 agen-

51 1602 122 1661 dum
143 1603 240 1668 etiam,
255 1612 287 1658 ut
307 1621 340 1659 ea
360 1601 451 1660 secere
473 1603 618 1660 videamur
639 1605 730 1660 irati*
773 1603 831 1659 Sed
851 1616 883 1659 ut
903 1604 938 1661 atl

51 1681 194 1739 urendum
216 1692 244 1737 et
262 1680 442 1748 secandum,†
460 1679 504 1738 sie
524 1683 558 1740 ad
581 1683 635 1740 hoe
660 1702 749 1758 gertus
770 1682 937 1757 castigandi,

52 1780 118 1819 raro
133 1759 271 1832 invitique
287 1762 443 1829 veniemus,
460 1781 512 1819 uec
534 1781 678 1834 umquam,
693 1763 750 1818 nisi
765 1763 937 1830 necessario,

51 1840 79 1898 si
94 1841 175 1897 nulla
194 1840 350 1915 reperietur
369 1842 425 1898 alia
444 1841 597 1898 medicina.
638 1841 697 1897 Sed
713 1852 806 1898 tamen
821 1841 862 1896 ira
874 1860 939 1915 pro·

51 1921 101 1977 cul
125 1918 208 1987 absit,
225 1939 290 1976 eum
313 1938 369 1992 que
391 1919 462 1978 nihil
484 1931 559 1977 reete
581 1919 653 1987 lieri,
669 1919 741 1977 nihil
762 1919 938 1978 considerate

52 2010 160 2076 potest„

95 2078 205 2154 Magna
226 2089 317 2135 autern
336 2090 416 2155 parte
436 2080 569 2136 clementi
590 2079 776 2155 castigatione
800 2080 866 2136 licet
886 2078 938 2146 uti,

54 2158 192 2234 gravitate
217 2167 312 2215 tamen
333 2154 474 2235 adjuncta,
494 2169 525 2215 ut
546 2169 575 2216 et
602 2161 737 2216 severitas
762 2159 937 2226 adhibeatur,

53 2247 85 2294 et
108 2236 284 2294 contumelia
306 2238 466 2313 repellatur.
508 2239 602 2310 Atque
629 2240 714 2295 etiarn
742 2238 811 2296 illud
832 2239 937 2314 ipsum,

55 2316 135 2389 quod
156 2317 314 2374 acerbitatis
340 2318 424 2374 habet
448 2318 617 2394 objurgatio,
638 2319 857 2394 significandum
884 2330 937 2385 est,

55 2394 148 2472 ipsius
163 2395 193 2452 id
206 2415 300 2463 causa,
316 2394 365 2468 qui
380 2395 553 2472 objurgetur,
569 2411 733 2489 susceptum
748 2418 822 2455 esse.
865 2399 939 2456 Rec-

57 2486 115 2532 tum
137 2485 182 2532 est
201 2486 306 2540 autem,
319 2469 405 2533 etiam
420 2477 449 2533 in
465 2474 520 2532 illis
541 2479 780 2545 contentionibus,
794 2498 857 2550 qttae
874 2497 938 2535 eum

57 2554 265 2611 inimicissimis
291 2553 371 2622 fiunt,
387 2557 471 2612 ctiam
494 2555 621 2613 sinonis
643 2557 759 2633 indigna
779 2557 937 2623 audiamus,

58 2645 151 2691 tamen
173 2631 338 2710 gravitatem
358 2636 490 2703 retinere,
509 2636 681 2693 iracundiam
707 2638 823 2713 pellere.
867 2637 937 2703 Qua

344 2763 496 2810 CHAPTER
516 2765 651 2810 XXXVIII.

90 2832 181 2877 *bute
215 2831 246 2876 In
264 2831 310 2876 this
326 2834 397 2878 much
416 2833 524 2890 disputed
556 2845 645 2889 assage.
657 2834 695 2880 the
708 2834 820 2880 veriation
834 2836 858 2879 iu
870 2837 939 2880 MSS.

56 2886 102 2929 and
114 2886 180 2940 early
187 2885 289 2929 editions
299 2887 317 2929 ts
325 2887 476 2931 remarkable.
513 2888 535 2934 U
554 2887 666 2951 eosucere
675 2900 724 2934 non
731 2885 854 2933 uideamur
864 2888 937 2939 irati:

56 2939 182 2984 rideomw
192 2950 241 2985 non
252 2937 324 2992 iroth·
341 2940 371 2986 ot
386 2950 416 2984 ne
433 2952 462 2984 en
470 2939 552 2996 faeere
568 2943 694 2987 uideamur
710 2940 776 2986 outo.
809 2941 845 2987 it'e
865 2943 894 2985 ut
912 2954 940 2986 eo

57 2992 160 3053 fureres
179 2992 233 3046 and,
244 2994 273 3038 ut
290 3005 319 3037 ea
327 2993 410 3049 soom
420 3005 449 3037 ne
460 2993 593 3056 videamur.
626 2994 678 3039 The
690 2995 799 3057 negative
809 2995 940 3050 partIcipIe,

55 3045 103 3089 and
111 3050 144 3089 rts
153 3051 325 3099 arrangement,
335 3059 412 3090 seems
419 3047 489 3091 alone
499 3051 523 3091 to
533 3046 561 3090 be
569 3060 594 3091 tn
604 3048 690 3092 doubt:
709 3048 751 3092 but
762 3060 786 3091 tn
795 3061 860 3091 some
872 3048 940 3093 MSS.

55 3098 106 3160 ttie
115 3098 247 3154 altogether
258 3099 363 3152 omItted‚
375 3100 424 3143 and
433 3100 484 3144 that
500 3100 597 3154 reading
608 3101 629 3145 is
641 3101 757 3156 preferred
769 3097 799 3154 by
811 3103 834 3146 J.
842 3104 868 3147 I'.
877 3104 940 3146 Heu·

54 3162 143 3206 emger.
178 3151 231 3197 The
254 3152 328 3196 Stolos
347 3163 446 3207 express
468 3153 608 3198 themselves
628 3155 652 3197 in
670 3155 753 3198 favour
771 3155 799 3197 of
816 3151 940 3199 simuleted

54 3205 941 3315 :httnlttttlnhttntbttlhttnhlttttteltttttt

194 3291 199 3311 t

54 3310 84 3357 de
96 3312 135 3355 Ira
154 3312 179 3356 it.
191 3313 225 3356 14.
320 3338 328 3356 .

87 3343 243 3422 flirendom
262 3364 284 3410 et
302 3364 445 3410 seeundum:
470 3364 509 3411 tte
528 3367 625 3422 coutery
640 3366 690 3410 ond
709 3364 870 3421 amputatum.
903 3370 941 3414 To

54 3422 155 3480 prevent
167 3430 216 3473 any
228 3417 449 3474 misapprehension
466 3419 494 3462 of
508 3419 572 3482 these
589 3419 723 3515 metaphors
740 3418 812 3464 tehen
830 3420 890 3466 from
902 3422 940 3467 the

53 3471 157 3533 surgtcal
175 3476 218 3526 art,
230 3483 295 3517 sainte
312 3474 381 3517 MSS.
400 3472 447 3516 add
464 3471 559 3518 nudus:
576 3471 649 3530 probe
664 3473 688 3529 ly
700 3474 811 3519 removed
824 3475 884 3521 from
901 3477 940 3522 the

54 3536 156 3575 margin.
