2054 3946
102 199 155 253 103
407 191 456 237 DE
483 188 669 238 OFFICIIS.

97 301 259 378 reipublicae
278 319 379 367 eausa3
401 320 436 357 ne
458 318 503 358 ree
524 299 639 372 quidem
661 298 852 377 publieapro
872 318 969 357 seem

97 383 155 457 oipi
177 381 261 437 volet.
313 379 370 436 Sed
391 380 447 438 hoe
470 379 649 437 commodius
674 397 705 436 se
726 398 774 436 res
794 380 892 445 hebet,
909 380 976 453 quod

98 480 156 518 uon
184 470 277 535 potest
305 458 433 515 accidere
460 468 583 534 tempus,
608 468 638 517 ut
665 458 778 515 intersit
809 459 976 535 reipublice,

98 538 253 612 quidquam
268 539 381 595 illorum
396 538 488 594 sacere
503 538 671 613 sapientem.

138 618 233 683 Quare
248 618 302 673 boo
316 617 431 688 quidem
446 616 579 673 effectum
594 618 641 683 sit,
656 617 685 674 in
699 616 803 673 officiis
825 616 976 693 deligendis

98 697 126 754 id
141 716 231 774 genus
247 697 405 753 officiorum
426 697 577 763 excellere,
593 695 670 768 quod
685 705 815 753 teneatur
835 696 976 754 hominum

97 778 260 834 societate*
302 776 418 832 Etenim
433 776 625 849 cognitionem
638 775 878 851 prudentiamque
892 776 978 847 sequi·

98 869 141 913 tur
156 854 333 913 considerata
347 855 431 912 aetio.
474 854 516 911 Ita
530 855 571 921 fit,
586 867 618 912 ut
631 874 713 931 agere
728 854 911 912 considerate
924 856 976 932 plu-

97 939 135 993 ris
151 937 197 999 sit,
211 954 295 1006 quam
317 936 440 1010 cogitare
462 933 626 1009 prudenter.
668 935 762 1007 Atque
783 934 847 992 hoee
869 934 976 1006 quidem

96 1016 243 1072 hactenus„
286 1014 447 1072 Patefactus
469 1023 513 1069 est
533 1015 610 1071 enim
626 1016 705 1071 loeus
727 1014 802 1089 ipse,
816 1024 849 1071 ut
869 1014 977 1071 nonsit

97 1094 212 1151 difficile
233 1095 263 1150 in
284 1092 461 1165 exquirendo
481 1092 588 1160 officio,
604 1092 672 1165 quid
686 1093 791 1165 cuique
813 1095 853 1150 sit
876 1112 976 1169 praepo·
1015 1098 1017 1105 '

96 1173 231 1239 nendum,
252 1172 358 1229 videre.
412 1172 447 1229 ln
474 1173 538 1248 ipsa
566 1184 657 1229 autem
686 1174 895 1231 communitate
919 1184 977 1231 suut
1015 1164 1017 1221 ἶ

96 1253 198 1328 gradus
227 1252 403 1308 officiorum:
433 1270 470 1308 ex
498 1253 612 1324 quibus,
631 1252 699 1323 quid
724 1252 829 1324 cuique
859 1264 975 1327 praeotet,

96 1332 217 1407 intelligi
238 1332 348 1407 possit:
371 1342 402 1388 ut
426 1332 518 1407 prima
538 1331 593 1388 diis
616 1331 835 1397 immortalibus,
858 1330 977 1391 secunda

96 1411 204 1487 patrioe,
229 1411 310 1467 tertia
334 1412 508 1486 parentibus,
534 1410 670 1486 deinceps
696 1410 835 1486 gradatim
865 1412 975 1485 reliquit

96 1491 260 1547 debeantur.

135 1571 246 1636 Quibus
261 1588 298 1626 ex
312 1570 396 1625 rebus
418 1570 541 1626 breviter
561 1567 711 1644 disputatis
732 1568 857 1647 intelligi
878 1580 975 1647 potent,

96 1669 154 1707 non
176 1650 269 1706 solum
298 1649 326 1705 id
351 1648 483 1705 homines
510 1648 602 1705 solere
627 1648 764 1716 dubitare,
791 1650 975 1709 honestumne

96 1749 131 1786 an
157 1740 237 1804 turpe
264 1728 318 1785 sit:
348 1727 503 1785 sedetiam
525 1727 813 1803 duobuspropositis
841 1730 975 1797 honesti,

104 1820 188 1864 rtrum
204 1808 361 1864 honestiuS.
404 1808 463 1863 Hic.
483 1808 564 1864 loeus
585 1827 602 1863 a
625 1808 753 1865 Panaetio
773 1819 828 1877 est,
843 1820 878 1867 ut
896 1828 975 1887 supra

95 1885 167 1953 dixi,
182 1889 400 1962 praetermisere.
444 1886 500 1943 Sed
512 1887 573 1962 jam
589 1885 623 1943 ad
638 1887 748 1958 reliqua
762 1906 928 1965 pergamus.
1015 1938 1017 1951 .

129 2015 141 2042 t
152 2012 270 2056 Tenentur
279 2010 405 2056 lominum
414 2011 525 2056 societate.
561 2011 615 2056 Oor
632 2011 711 2056 dutiae
723 2011 799 2056 urbici
809 2012 869 2059 boue
879 2012 974 2061 rentur

94 2063 213 2118 tosocirty.
248 2066 332 2108 Poarce
339 2063 485 2119 conjectures
495 2065 545 2108 that
553 2077 589 2107 we
594 2064 680 2109 should
689 2065 743 2108 read
753 2065 975 2113 tueaturtomem

58 2168 62 2173 ¹
94 2116 244 2167 societatem,¹
263 2117 306 2161 but
317 2116 355 2160 the
367 2129 409 2161 use
420 2119 448 2161 ot
455 2119 535 2163 terreor
546 2117 570 2161 in
580 2130 595 2161 a
606 2118 694 2162 similar
702 2129 773 2162 senne
784 2118 975 2165 occumbunt.

95 2171 141 2265 lip.
153 2170 189 2230 29,
206 2172 220 2195 ⁴⁴
228 2173 282 2215 Non
294 2170 389 2232 dubitur
397 2171 455 2226 quin
465 2171 524 2215 solae
542 2171 567 2214 in
582 2171 622 2232 ,hie
633 2171 771 2215 necessariis
781 2172 824 2234 qui
836 2172 878 2217 tibi
888 2186 904 2219 a
914 2176 974 2231 patr·

95 2235 119 2266 re
129 2229 168 2266 retr
178 2227 241 2273 sunt,
253 2236 291 2268 me
304 2224 344 2268 trbi
357 2237 408 2268 esse
419 2225 455 2268 vel
467 2225 695 2280 conjunctissimum,
706 2236 756 2269 nou
773 2224 810 2268 lue
819 2226 893 2271 modo
903 2226 975 2273 eumin

94 2276 735 2376 attentetcttltttturetttuttltf‘t‘b⁸⁰⁶
753 2277 783 2323 ἢ*
794 2278 869 2325 “³⁸¹²
880 2292 933 2339 ‘¹¹¹⁶
946 2280 969 2327 ⁵
