2054 3946
71 205 128 259 144
383 198 432 245 uu
454 198 643 247 urricus.

72 312 150 367 cubat
170 309 246 366 idem
261 307 356 375 Cotta,
368 308 489 366 Curio*
528 307 621 366 Nobis
636 326 754 381 quoque
764 306 835 365 licet
853 308 884 367 in
900 307 950 371 hoe

70 390 192 461 quodam
214 388 300 445 modo
320 387 445 464 gloriari.
488 389 563 445 Nam
586 406 639 464 pro
658 387 852 463 amplitudine
870 386 950 447 hono·

69 488 142 535 rum,
153 488 225 540 quos
236 469 345 524 cunctis
360 468 503 543 suffragiis
512 467 607 543 adepti
619 486 717 524 numus
729 476 834 525 nostro
844 466 950 539 quiden

70 548 170 615 anno,†
183 547 259 620 quod
281 548 400 623 contigit
420 566 519 603 eorum
540 546 648 603 nemini
663 565 737 618 quos
758 544 850 605 modo
869 546 948 605 uomi-

69 628 146 694 uavi,
161 647 229 683 eane
244 627 365 702 exiguus
380 638 490 683 sumtus
505 626 646 683 aedilitatis
660 625 723 683 suit.

109 708 203 778 Atque
224 707 308 763 etiam
334 707 389 763 illa
414 707 552 781 impensae
574 706 718 771 meliores,
734 706 822 773 muri,
837 704 951 771 navalia,

69 800 178 862 portus,
194 804 329 857 aquarum
350 784 463 852 ductus,
477 785 640 856 omniaque,
656 803 721 856 quie
742 784 778 841 ad
798 804 885 843 usum
904 784 943 843 rei

69 865 189 940 publicae
201 866 352 940 pertinent.
383 865 575 935 Quamquam,
585 863 661 935 quod
671 882 801 939 praeoens
813 874 952 937 tamquam

68 945 99 1001 in
114 962 228 1000 uranum
238 944 328 1009 datur,
335 943 491 1020 jucundius
506 952 567 999 est:
584 953 677 1000 tamen
688 944 749 1001 haec
764 944 796 1001 in
809 962 951 1019 pometum

69 1024 199 1098 gratiora.
241 1024 377 1090 'I'heatra,
393 1022 529 1098 porticus,
545 1042 619 1079 nova
633 1022 749 1098 templa,
765 1022 949 1081 verounum

67 1102 256 1178 reprehendo,
272 1114 387 1179 propter
409 1102 580 1177 Pompeium
592 1105 618 1176 :‡
643 1102 692 1158 sed
714 1102 879 1159 doctieoami
900 1122 949 1159 non

68 1183 198 1255 probant,
212 1192 243 1238 ut
263 1194 291 1238 et
311 1182 358 1238 hic
380 1183 442 1258 ipse
456 1182 611 1244 Panaetiuo.
627 1198 712 1253 quern
726 1202 851 1239 munim
868 1183 897 1241 in
909 1182 949 1239 hi·

66 1261 146 1317 libris
171 1274 285 1318 secutus
311 1281 385 1328 sum,
409 1280 465 1318 non
492 1262 708 1337 interpretatus:
742 1280 771 1319 et
797 1262 949 1319 Phalereus

68 1340 259 1415 Demetrius‚§
281 1341 330 1412 qui
351 1342 504 1407 Periclem,
520 1342 680 1415 principem
696 1341 830 1408 Graeiae,
846 1340 947 1417 vitupe-

67 1429 118 1487 rat,
134 1421 211 1492 quod
227 1432 330 1476 tantam
352 1421 502 1495 pecuniam
524 1421 552 1475 in
574 1420 707 1497 praeclara
722 1421 768 1477 itt.
792 1420 946 1495 propylaeat

67 1500 230 1576 conjecerit.
273 1499 331 1556 seu
352 1499 387 1555 de
410 1500 464 1556 hoc
486 1518 589 1575 genere
605 1510 662 1557 toto
677 1499 706 1555 in
722 1501 758 1556 iis
773 1500 867 1566 libris,
882 1518 946 1571 quot

67 1578 102 1636 de
116 1580 261 1655 republica
283 1579 396 1655 scripsi,
413 1578 564 1654 diligenter
583 1589 627 1634 est
646 1578 834 1654 disputemm.
879 1580 946 1635 'l'ote

67 1660 153 1734 igitur
169 1660 240 1716 ratio
254 1660 352 1716 talium
373 1659 555 1733 largitionum
576 1676 679 1733 genere
694 1658 800 1715 viriosa
814 1668 870 1725 est,
885 1668 945 1715 tem

66 1740 182 1813 poribus
198 1740 378 1804 neccssaria3
401 1748 495 1794 tamen
510 1739 573 1812 ipsa
587 1748 615 1793 et
629 1737 663 1793 ad
678 1736 827 1795 facultates
842 1756 945 1795 accom·

66 1818 217 1885 metienda,
233 1829 261 1875 et
275 1818 469 1875 mediocritate
485 1816 657 1874 moderanda
670 1829 724 1873 est.

101 1981 112 2006 ⁴
127 1975 201 2028 Crito,
215 1976 296 2020 Curio.
330 1976 358 2019 ln
372 1975 411 2019 the
423 1979 473 2019 text
484 1976 513 2018 of
525 1974 571 2018 this
583 1986 689 2028 pacsano,
702 1973 779 2018 wffrieh
792 1976 872 2019 varica
882 1975 945 2021 muci

67 2029 91 2071 in
104 2026 211 2072 different
229 2031 305 2081 MSS,
318 2042 383 2073 some
394 2029 545 2072 inextricnblc
558 2039 620 2070 orror
633 2040 740 2082 appears.
775 2028 828 2073 The
841 2030 944 2085 interpro

67 2081 140 2125 tntiou
153 2082 179 2124 of
188 2081 227 2125 the
238 2086 334 2136 present
342 2083 439 2137 reading
452 2081 551 2136 adopted
564 2080 595 2135 by
606 2082 628 2125 J.
640 2084 666 2126 F.
680 2081 816 2131 nonomen
828 2082 878 2125 and
888 2082 947 2125 other

66 2135 158 2185 editore,
169 2134 197 2186 is,
208 2135 257 2178 that
269 2139 316 2177 two
328 2147 427 2191 persons
438 2148 477 2179 are
490 2134 584 2187 named,
591 2134 629 2177 the
639 2146 685 2177 one
694 2135 720 2178 C.
728 2134 869 2179 Scribonius
876 2135 948 2189 cuno,

67 2189 150 2232 consul
168 2190 197 2232 A.
207 2189 268 2232 U.C.
279 2189 330 2240 677,
346 2190 394 2232 and
409 2189 449 2232 the
466 2189 539 2240 other,
555 2188 580 2231 C.
593 2188 668 2237 Cotto,
682 2188 767 2231 consul
785 2190 815 2231 A.
824 2190 854 2233 U.
864 2190 890 2233 C.
900 2188 942 2233 678

67 2244 103 2286 Το
120 2242 159 2285 the
177 2241 291 2296 objection
304 2242 381 2286 which
400 2242 445 2285 had
463 2241 522 2284 been
540 2242 610 2283 taken
625 2245 650 2283 to
665 2240 712 2283 this
729 2240 909 2295 interpretation
921 2240 948 2297 by

67 2295 176 2345 Grnvius,
188 2295 238 2339 that
249 2308 281 2338 no
293 2294 447 2351 conjunnnn
465 2307 566 2349 appears
584 2294 690 2337 between
702 2292 740 2337 the
754 2306 846 2343 names,
859 2295 879 2339 it
889 2296 910 2339 io
919 2308 947 2339 re·

84 2349 137 2397 lieu,
149 2349 198 2392 that
210 2349 234 2392 in
246 2350 312 2392 other
327 2348 447 2393 instantes
465 2349 503 2391 the
518 2347 671 2401 conjunction
685 2347 705 2390 is
717 2347 815 2391 omitted
828 2348 862 2403 by
873 2349 949 2393 cicere

67 2362 277 2478 iietwcempropor
294 2414 377 2446 names
387 2416 393 2457 ;
412 2415 438 2445 oe
450 2403 514 2446 Brut.
525 2413 546 2444 c.
554 2403 591 2453 74,
609 2402 623 2424 ‘⁵
631 2400 701 2444 Mitto
713 2400 739 2444 C.
751 2401 863 2457 Latium,
874 2404 899 2447 P.
907 2402 951 2447 Sci·

86 2467 171 2500 ionem.

67 2470 319 2564 p†n0str0qutom
330 2520 404 2554 anno.
437 2510 470 2552 At
486 2507 525 2551 the
540 2510 610 2550 exact
630 2519 672 2551 nae
690 2507 760 2551 when
780 2507 821 2553 tire
838 2508 899 2552 lawa
915 2506 952 2553 ad·

67 2563 149 2660 {pitted
168 2563 217 2606 him
237 2567 261 2606 to
280 2561 334 2606 hold
353 2563 410 2606 coen
429 2562 503 2614 otiien,
516 2561 596 2604 Cicero
613 2573 662 2603 was
682 2573 697 2604 a
718 2562 854 2607 succcaet'ul
873 2562 949 2606 caeldi·

83 2621 119 2721 a?
125 2669 276 2724 Pompeium.
310 2669 339 2712 In
351 2669 409 2713 each
424 2669 452 2711 of
463 2668 527 2711 these
540 2666 634 2722 objecto,
646 2667 702 2728 Pom
732 2679 752 2722 ,y
765 2667 812 2711 had
825 2668 951 2724 expendent

66 2722 198 2766 exorbitant
209 2735 282 2766 mmo.
317 2725 451 2767 Reverence
463 2726 486 2764 to
499 2721 534 2763 his
547 2733 652 2781 mentory
661 2679 787 2765 witffoids
799 2720 882 2766 Cicero
892 2722 949 2767 frunt

67 2776 168 2830 uttering
181 2788 246 2819 more
258 2776 315 2818 thau
328 2774 373 2819 this
386 2775 465 2829 gentle
477 2774 652 2828 reprehensiou.

99 2829 112 2882 ἕ
126 2829 265 2873 Demetrius.
300 2830 342 2872 See
355 2828 371 2872 l.
387 2832 406 2879 l,
451 2840 479 2882 ge
493 2829 527 2871 15.

101 2882 108 2934 u
122 2884 253 2936 Propntn‘n.
286 2882 398 2931 Throuuh
410 2885 419 2924 t
436 2894 482 2927 eso.
495 2879 571 2923 which
583 2892 645 2924 were
662 2880 744 2935 placed
756 2880 782 2923 in
795 2880 861 2926 front
870 2882 899 2925 of
912 2882 950 2927 the

67 2928 951 3042 ‘nutritium‘ttstrt‘tttttttstttttntttttttttt

66 3002 78 3030 o
128 3002 141 3030 e
295 3021 301 3031 .
498 3018 504 3040 ,

68 3040 135 3085 bots.
167 3041 264 3085 Plutin
278 3044 339 3085 Vite.
