2054 3946
76 128 132 182 194
387 121 434 167 ua
460 120 644 167 orriciis.

73 232 175 289 lectarc
198 233 260 288 sine
281 231 536 306 interpellatoribus
559 239 665 306 posset.
708 228 796 295 Quod
814 246 876 287 cum
893 246 947 305 per·

74 312 239 378 crebuisset‚
255 312 379 387 Pythius
394 311 420 367 ei
431 310 557 381 quidam,
570 310 619 381 qui
633 310 842 385 argentariam*
856 308 949 365 facerat

74 391 237 466 Syracusis,
253 391 366 447 venales
389 388 504 462 quidem
526 408 556 445 se
578 388 675 446 hortos
696 406 756 445 non
777 386 948 455 haberant

74 470 159 527 licere
173 472 214 527 uti
236 469 339 535 Canio,
355 469 380 525 si
395 468 489 534 vellet,
502 478 533 524 ut
546 469 624 524 suis:
647 478 676 524 et
695 468 784 525 simul
800 467 836 525 ad
848 485 950 525 coeuam

73 548 220 606 hominem
235 550 264 606 in
278 549 375 606 hortos
390 548 528 615 invitavit,
545 549 573 605 in
588 557 735 623 posterum
751 547 840 604 diem.
883 544 952 603 Cum

74 628 121 684 ille
137 629 324 703 promisisset,
339 638 398 684 tum
413 628 547 703 Pythius,
564 627 612 699 qui
627 636 713 692 esset,
727 639 758 682 ut
771 626 951 702 argentarius,

74 708 148 782 apud
164 727 264 764 omnes
286 706 399 763 ordines
420 707 572 782 gratiosus,
587 707 744 781 piscatores
759 707 796 762 ad
811 725 843 762 se
857 722 953 763 convo·

75 788 157 853 cavit,
174 800 202 842 et
218 788 251 843 ab
264 786 310 842 his
325 787 434 862 petivit,
446 798 478 842 ut
492 796 556 843 ante
577 804 645 842 suos
670 785 802 843 hortulos
823 782 952 861 postridie

74 865 267 940 piscarentur:
291 865 430 937 dixitque,
443 864 512 937 quid
527 884 576 922 eos
597 865 689 921 facere
704 865 802 921 vellet.
844 863 892 922 Ad
904 882 951 921 ce·

74 963 150 1011 nam,
167 945 319 1019 tempore,†
340 946 418 1001 venit
439 944 565 1001 Canius:
588 946 705 1020 opipare
720 963 737 999 a
750 944 862 1020 Pythio
877 962 952 1019 appa·

75 1034 165 1080 ratum
186 1024 367 1081 convivium:
391 1025 557 1098 cymbarum
579 1035 643 1080 ante
665 1022 766 1079 oculos
789 1022 950 1081 multitudo:

75 1122 125 1179 pro
151 1122 182 1159 se
205 1103 337 1174 quisque,
358 1103 434 1174 quod
458 1113 580 1178 ceperat,
602 1102 754 1159 afferebat:
778 1114 844 1159 ante
872 1101 951 1179 pedes

75 1182 185 1258 Pythii,
201 1183 294 1257 pisces
309 1183 522 1259 abjiciebantur.

114 1262 191 1318 Tum
215 1260 334 1328 Canius,
356 1262 471 1327 (liriaco,
486 1261 588 1332 inquit,
605 1261 674 1332 quid
694 1271 739 1317 est
767 1258 834 1329 boc,
849 1258 950 1335 Pythii

74 1351 219 1398 tantumne
230 1340 310 1418 [bie]
322 1341 454 1416 piscium,
469 1350 612 1397 tantumne
622 1340 791 1416 cymbarum
803 1341 814 1395 l
846 1340 888 1397 Et
900 1339 950 1403 ille,

75 1420 151 1486 Quid
163 1421 287 1477 miruml
309 1418 409 1491 inquid
420 1439 427 1486 ;
449 1420 578 1477 hocloco
590 1431 642 1486 est,
654 1420 809 1495 Syracusis
821 1416 950 1491 quidquid

74 1510 118 1557 est
138 1501 279 1575 piscium3
308 1499 355 1555 hic
376 1500 525 1571 aquatio;‡
552 1498 605 1555 bac
625 1499 692 1555 villa
716 1499 764 1555 isti
786 1516 883 1555 carere
902 1516 951 1555 nou

74 1589 204 1655 possunt.
246 1578 384 1636 Incensus
407 1578 516 1635 Canius
530 1577 693 1652 eupiditate,
710 1577 888 1634 contendite
900 1576 950 1653 Py·

76 1659 145 1725 thio,
160 1671 192 1715 ut
211 1658 354 1715 venderet.
398 1658 521 1714 Gravate
542 1657 590 1713 illo
611 1658 715 1732 primo.
758 1656 836 1722 Quid
851 1656 951 1713 multa?

75 1738 216 1814 impetrat.
259 1738 340 1794 Emit
353 1737 439 1793 liomo
452 1736 571 1812 cupidus
583 1750 611 1792 et
624 1736 752 1811 locuples
769 1737 850 1803 tanti,
863 1734 951 1808 quanti

76 1817 199 1892 Pythius
210 1818 307 1883 voluit,
318 1827 346 1873 ct
361 1817 430 1872 emit
444 1817 624 1889 instructos.§
666 1816 796 1872 Nomina
809 1815 900 1883 faciti}
909 1832 951 1872 ne·

109 1956 310 2009 *Argentariam
344 1955 696 2011 Negcliufimtem,understood.
730 1954 952 2012 Theprofessiouof

76 2020 91 2052 a
102 2010 307 2064 money-changes
317 2023 342 2054 or
354 2011 447 2053 baiilier.

108 2061 124 2117 †
139 2064 254 2116 Tempore.
288 2064 321 2108 at
332 2063 368 2108 fbt
380 2063 516 2119 tiniefia'erl.

109 2120 121 2166 ss
135 2116 179 2159 Hic
190 2115 290 2168 cartallo.
325 2116 388 2159 Thnt
399 2116 463 2159 there
477 2129 525 2160 was
537 2115 590 2160 here
602 2115 663 2160 fresh
675 2119 747 2159 water
758 2115 868 2170 running
878 2118 902 2160 to
911 2126 954 2159 sea.

76 2169 109 2212 St.
124 2168 245 2229 Ambriisc‚
260 2169 428 2230 paraphrasing
445 2169 491 2213 this
508 2182 614 2224 passage,
626 2181 692 2223 says:
712 2174 725 2193 ¹·
733 2170 896 2223 aquationem
911 2168 955 2215 illie

76 2233 141 2265 esse:
159 2222 234 2266 dulcis
245 2234 311 2276 aquia
323 2223 404 2276 gratia,
417 2223 599 2266 innumerabiles
612 2223 687 2277 pisces
698 2234 727 2265 eo
738 2222 894 2266 convenire.’'

110 2274 206 2371 §thlmii
215 2275 348 2320 instructos.
381 2278 419 2320 Hc
434 2277 563 2330 purchases
574 2276 612 2319 the
624 2276 710 2330 gardan
723 2274 781 2318 with
793 2275 825 2318 all
835 2275 876 2319 the
887 2274 955 2328 stuck,

76 2340 116 2372 asi
140 2341 213 2372 sco.

109 2381 117 2434 l
133 2382 236 2427 Nomina
242 2381 313 2437 firct'l.
347 2382 372 2425 Is
383 2381 427 2425 this
439 2386 463 2425 to
475 2380 504 2424 bc
516 2380 611 2436 applied
623 2385 647 2424 to
658 2379 764 2434 Pythius,
776 2380 817 2424 the
830 2381 915 2435 sollcr3
931 2391 956 2425 or

75 2439 99 2478 to
112 2436 207 2488 Canius,
221 2435 259 2479 the
272 2433 361 2490 huycrl
398 2437 432 2477 (tn
445 2448 491 2478 one
502 2435 618 2483 occasion,
630 2435 709 2477 Cicero
721 2435 832 2488 eiiiploys
844 2434 884 2478 the
896 2445 956 2479 same

75 2488 167 2543 phrase.
202 2489 290 2544 Accepi
303 2488 390 2532 Aviani
402 2488 487 2540 literas,
499 2487 522 2530 iii
535 2488 620 2542 quibus
632 2487 737 2530 hocerat
754 2487 956 2532 liberalissimum·

75 2542 182 2603 nomina„
190 2554 214 2586 re
233 2542 356 2593 facturum,
368 2554 423 2602 cit-ni
441 2541 547 2593 emisset,
558 2553 612 2594 qua,
624 2553 668 2594 ego
686 2541 779 2601 vellem,
791 2541 837 2583 die.
872 2543 919 2602 Ep.
929 2518 957 2602 sd

75 2597 141 2640 Fam.
153 2609 191 2639 vii.
204 2596 240 2639 33.
273 2597 296 2638 P.
308 2597 431 2639 Manutius
441 2595 495 2637 here
514 2593 621 2637 observes
629 2607 635 2646 ς
644 2598 742 2647 ,accepti
753 2599 778 2636 et
788 2605 891 2648 expensi
901 2597 957 2637 ratio

74 2647 100 2691 in
118 2648 209 2691 tabulas
227 2649 381 2691 referebatur:
405 2659 456 2708 quae
475 2647 619 2690 vocabantur
637 2646 807 2700 noniina,quia
828 2647 957 2691 debitorum

75 2706 99 2744 et
109 2701 249 2745 creditorum
261 2702 360 2744 nomina
377 2700 545 2743 scribebantur.
579 2699 685 2745 Nomina
702 2700 774 2753 igitur
783 2700 877 2755 fruere,
889 2699 956 2743 estid

75 2754 137 2808 quod
152 2755 237 2807 Cicero,
250 2767 292 2809 pro
308 2754 352 2798 hoc
363 2754 400 2797 vel
412 2753 451 2796 illo
463 2753 531 2807 signo
546 2753 666 2808 (Avienus
675 2765 724 2795 was
736 2764 751 2794 a
762 2753 882 2807 statuary)
896 2752 957 2797 ricbe-

74 2808 117 2860 νεὶ,
136 2807 160 2850 in
179 2808 270 2851 tabulas
288 2806 484 2851 referre-Dircct
504 2807 575 2860 proof
593 2805 706 2849 therefore
725 2818 837 2860 appears,
855 2806 907 2849 mat
927 2805 957 2859 by

75 2860 156 2903 Cicero
173 2860 269 2904 himself
283 2861 321 2904 the
338 2860 422 2915 phrase
435 2860 455 2902 is
467 2859 562 2914 applied
574 2863 598 2902 to
614 2871 629 2903 a
640 2859 744 2903 creditor.
779 2860 867 2913 Again,
877 2859 909 2914 by
920 2860 957 2905 Sc·

74 2914 221 3009 affalht
262 2914 366 3007 l⁹¹¹¹l¹²
383 2912 843 3010 bt¹⁰ii.fl³fl¹⁶¹bethnath
859 2916 956 3009 alth

74 2983 144 3071 facio:
154 2979 373 3072 qirabillddilitdno.
408 3021 443 3063 Dc
455 3019 502 3062 vita
513 2996 587 3061 beata.
598 3019 634 3062 24.
668 2977 718 3061 illie
735 2979 874 3063 correlative
893 3024 955 3070 terni,
973 3002 978 3013 ’

51 3093 58 3105 ·
75 3070 111 3113 for
123 3073 160 3114 thu
171 3078 329 3127 engagement
341 3074 368 3116 of
376 3073 414 3117 the
427 3072 513 3122 cabrer,
524 3073 602 3114 would
615 3083 678 3114 seem
690 3075 713 3114 to
724 3069 760 3125 bc,
774 3083 863 3116 nomen
876 3072 955 3115 locare.

66 3123 112 3168 Sec
120 3125 212 3172 Plimdr.
226 3127 289 3174 1216.
324 3128 376 3174 The
387 3139 460 3173 name
471 3127 496 3171 of
511 3124 816 3180 Canius,repeateh'mtbe
826 3130 886 3170 next
902 3126 954 3178 liae,
