2054 3946
67 3308 93 3360 Ι

93 186 153 241 226
409 177 457 225 ns
483 178 668 225 orrrcrrs.

93 290 151 357 Qui
166 289 184 346 J
187 308 219 345 us
242 288 327 363 igitur
343 287 497 364 jurandum
512 288 610 355 violat,
625 288 651 346 is
665 286 769 347 Fidem
787 286 883 354 violat,
895 302 968 360 quem

93 371 124 427 in
146 368 293 444 Capitolio
309 369 432 425 vicinam
453 368 536 425 Jovis
557 368 669 443 Optimi
690 365 969 433 Maximimtiuca·

94 449 169 507 tonis
184 448 311 505 oratione
326 458 378 516 est,
394 449 517 525 majores
531 446 621 504 nostri
635 465 700 504 ease
716 446 897 505 voluerunt*

134 532 173 586 At
186 528 263 584 enim
279 546 313 584 ne
328 528 415 584 iratus
430 526 547 599 quidem
561 527 675 602 Jupiter
686 526 753 602 plus
769 526 885 603 Regulo
898 542 971 583 nocu-

94 610 175 673 isset,
191 626 276 679 quam
298 606 353 664 sibi
374 608 472 663 nocuit
492 606 554 683 ipse
575 605 716 681 Regulus.
760 604 861 671 Certe,
873 606 899 663 si
912 602 970 663 nihil

95 687 201 745 malum
223 695 309 753 esset,
325 686 379 743 nisi
400 684 505 743 dolere.
547 684 581 744 ld
601 696 696 743 eutem
718 702 778 743 uon
799 684 887 743 modo
908 700 971 741 suu·

45 832 58 853 ι
96 784 185 829 mum,
201 764 302 822 sedne
318 765 423 822 malum
439 764 569 839 quidem†
586 783 660 830 esse,
676 765 808 821 maxima
820 764 971 822 auctoritate

95 844 262 921 philosophi
277 846 426 901 affirmant.
470 846 599 911 Quorum
609 843 727 916 quidem
735 854 841 901 testem
856 860 913 901 nou
924 860 971 899 ute·

95 923 232 990 dicerem,
251 923 302 980 sed
326 923 401 979 haud
424 924 484 981 scio
506 927 566 997 anss
591 923 805 999 gravissimum,
829 922 970 999 Regulum,

96 1003 194 1067 nolite,
210 1021 317 1073 quaeso,
340 1004 511 1078 vituperare.
553 1002 646 1068 Quem
667 1003 745 1060 enim
768 1001 971 1078 locupletiorem

96 1083 261 1154 quaerimus,
279 1101 364 1155 quam
386 1083 545 1157 principem
568 1082 667 1159 populi
692 1082 831 1148 Romani,
851 1081 901 1154 qui
917 1080 972 1139 reti·

96 1161 183 1219 nendi
212 1161 300 1219 officii
325 1181 411 1218 causa
438 1162 592 1218 cruciatum
621 1161 741 1218 subierit
772 1158 971 1220 voluntarium!

97 1242 174 1299 Nam
196 1241 273 1313 quod
287 1242 374 1309 aiunt,
391 1241 515 1298 Minima
529 1239 563 1297 de
578 1240 680 1307 malis;
702 1240 732 1298 id
745 1250 801 1309 est,
817 1249 850 1298 ut
869 1239 973 1315 turpiter

97 1322 294 1398 potiusquam
316 1321 480 1378 calamitose
491 1321 516 1394 :§
538 1340 573 1377 an
588 1329 633 1377 eat
650 1320 742 1378 ullum
762 1321 859 1396 majus
879 1317 974 1377 malum

96 1400 292 1477 turpitudinel
334 1401 405 1466 Quae
421 1400 488 1456 siin
503 1399 679 1457 deformitate
694 1400 825 1475 corporis
841 1398 923 1456 habet
933 1396 974 1455 ali·

97 1481 166 1553 quid
181 1480 361 1545 offensionis,
374 1489 479 1552 quanta
488 1478 536 1535 illa
549 1478 713 1555 depravatio
727 1489 756 1537 et
771 1478 885 1537 soeditas
898 1476 976 1555 turpi·

98 1560 173 1618 ficati
189 1560 276 1617 animi
291 1559 375 1616 debet
389 1559 499 1616 videri?

137 1640 246 1712 Itaque,
269 1639 419 1696 nervosius
442 1638 491 1710 qui
513 1638 568 1695 ista
591 1637 745 1705 disserunt,
766 1638 862 1695 solum
883 1634 977 1693 audent

98 1720 204 1778 malum
219 1719 313 1776 dicere
323 1718 362 1787 id,
375 1717 453 1791 quod
467 1728 548 1794 turpe
561 1719 614 1785 sit;
637 1718 686 1790 qui
701 1728 797 1775 autem
811 1715 977 1785 remissiori}

98 1860 144 1906 thie
155 1861 203 1905 line
215 1860 234 1904 is
245 1860 315 1913 cited,
323 1872 368 1903 nne
376 1859 403 1903 of
410 1859 450 1903 the
458 1857 596 1912 characters,
603 1858 691 1913 having
699 1857 803 1914 perhaps
811 1858 872 1904 been
881 1852 989 1915 imposed'

98 1926 130 1958 on
143 1913 174 1968 by
187 1913 289 1970 perjury‚
302 1913 425 1957 addresses
436 1913 475 1956 the
488 1912 589 2009 divinitp¹
602 1913 655 1955 who
666 1912 772 1967 presides
782 1923 841 1957 over
850 1912 912 1969 good
922 1910 979 1965 mla

98 1967 145 2011 and
174 1967 292 2010 ersonihos
304 1967 342 2009 the
354 1966 410 2010 cath
421 1966 489 2018 itsell,
501 1978 566 2009 sacre
594 1969 618 2009 to
630 1967 697 2011 Jove.

133 2025 146 2052 ⁴*
178 2019 400 2064 idem-voluerunt.
433 2020 512 2063 Numa
526 2020 582 2062 Pom
602 2019 656 2063 ilius
667 2019 687 2062 is
699 2018 749 2063 said
759 2022 784 2064 to
795 2019 856 2064 heve
867 2015 981 2065 dedicamd

98 2071 139 2117 the
149 2072 199 2115 first
215 2073 303 2127 temple
321 2077 344 2115 to
362 2072 408 2116 this
425 2072 536 2135 divinity3
567 2032 628 2134 {dut
645 2073 669 2134 in
686 2074 775 2135 Numa,
787 2074 890 2129 Dionys.
901 2070 981 2137 1111111.

99 2127 156 2170 “Ut
174 2125 232 2167 fidos
244 2131 271 2168 ut
282 2138 358 2178 mens,
370 2138 430 2180 quas
440 2137 465 2168 rn
479 2126 595 2180 Capitolio
607 2125 725 2169 dedicatas
734 2126 845 2171 neamus
875 2136 981 2171 ronmee

99 2180 133 2224 M.
142 2178 237 2223 AEmilio
251 2180 346 2231 Scauro,
358 2184 414 2222 ante
426 2182 505 2240 autem
517 2180 546 2223 ab
558 2179 631 2223 Atilio
643 2178 749 2223 Calatino
761 2182 814 2223 crat
826 2140 899 2227 Fides
909 2190 981 2225 conse·

99 2232 188 2278 crata.”
223 2232 258 2274 De
270 2233 299 2276 N.
311 2232 379 2275 Deor.
392 2231 458 2276 xxui.

132 2285 213 2340 †N‹m
224 2284 427 2339 modo—quidem.
460 2285 542 2328 Cicero
553 2285 616 2329 osten
629 2285 738 2340 employs
748 2296 798 2331 non
809 2286 888 2340 modo,
899 2285 934 2331 lor
941 2292 982 2329 tm

99 2339 166 2384 morlo
176 2349 234 2390 nort,
247 2337 295 2380 and
311 2350 362 2383 non
373 2338 457 2390 solorre,
467 2339 503 2381 sor
512 2349 560 2383 non
570 2338 647 2383 solum
659 2349 716 2382 mm.
750 2340 794 2391 As,
806 2340 878 2384 Rose.
890 2342 943 2384 Am.
951 2338 983 2389 28,

100 2394 249 2447 “propterea
261 2391 407 2445 quod-non
426 2391 498 2434 modo
516 2392 568 2435 sine
586 2403 642 2434 cura
654 2390 773 2446 quiescere
791 2392 835 2436 sed
852 2404 885 2436 ne
902 2392 983 2455 spirate

99 2445 197 2501 quidem
210 2445 261 2488 siue
272 2449 337 2487 metu
347 2445 474 2498 possunt’‘
508 2444 554 2488 Pis.
568 2445 602 2496 10,
613 2445 734 2489 “Senatui
746 2457 797 2488 nou
812 2446 894 2489 solum
909 2452 984 2501 Juvm

100 2497 575 2596 tretrlllutrhlttluadrrlilla
584 2497 687 2594 ”aad
699 2498 984 2595 ri'l·1hihil'⁰‘¹⁰⁰⁸l

103 2605 161 2649 cit.'’
187 2570 249 2665 ³The
265 2604 353 2665 second
372 2603 483 2655 negative
498 2603 518 2646 is
537 2607 580 2665 nct
591 2563 723 2699 hniformlp
739 2564 868 2667 dimitted..e
878 2562 985 2655 rddhffli

101 2671 126 2712 p.
133 2659 170 2704 75.
183 2657 261 2700 thmks
273 2656 359 2700 mdeed
371 2657 421 2700 that
436 2656 474 2699 the
486 2668 608 2700 occasions
617 2657 695 2701 where
723 2657 764 2700 oth
772 2663 897 2712 negatives
908 2671 947 2703 ara
956 2668 986 2701 re·

102 2711 237 2755 minodoro
248 2722 313 2753 more
325 2709 434 2763 frequent
450 2709 507 2752 than
520 2709 587 2753 those
595 2709 674 2754 where
690 2709 730 2754 the
742 2710 833 2755 second
849 2712 871 2756 is
888 2709 986 2757 omitted

102 2764 155 2807 The
167 2764 248 2818 ellipse
267 2762 381 2816 certainly
393 2774 495 2816 appears
512 2763 588 2806 harsh.
622 2764 690 2808 Alter
700 2775 846 2816 rumorum
866 2762 987 2809 mulumis

102 2815 252 2914 ppplriapsttppp.
286 2815 409 2860 Gernhard
422 2817 501 2870 places
515 2815 541 2868 it,
551 2827 582 2859 on
597 2816 635 2860 the
647 2815 767 2871 authority
778 2818 808 2861 of
815 2818 907 2862 several
916 2818 987 2869 MSS,

136 2927 148 2971 ss
160 2923 233 2966 Haud
243 2922 288 2965 scio
299 2933 339 2966 arr.
374 2924 419 2965 See
431 2923 458 2968 L.
470 2921 485 2965 i.
496 2934 517 2965 c.
532 2925 565 2973 11,
577 2926 641 2967 note.

137 2974 314 3072 {Crrtrmviloae
351 2975 428 3028 Vtrae,
441 2975 549 3037 perhaps,
560 2975 580 3018 is
597 2976 635 3020 the
653 2975 750 3031 ellipse:
771 2976 823 3021 that
842 2987 892 3033 you
909 2974 989 3021 should

103 3033 145 3142 mli
155 3029 602 3142 tdidititerahiudlsvhalidsdhhiiriiisiiiihhhh!
609 3085 633 3125 to
650 3082 730 3125 whom
751 3082 835 3127 Cicero
853 3084 951 3135 allodes,
966 3094 991 3127 us

102 3133 174 3185 bema
186 3140 253 3196 most·
263 3146 343 3178 severe
355 3146 381 3178 m
393 3133 452 3178 theu
468 3134 581 3189 dccrsron,
593 3147 631 3179 are
643 3135 681 3179 tlte
700 3134 791 3180 Stoice:
810 3136 850 3181 the
869 3150 934 3183 more
948 3136 991 3189 lex,

95 3198 136 3233 are
149 3187 188 3233 the
199 3190 364 3246 Penpatotcs.
382 3202 403 3236 c.
415 3191 439 3242 4.
450 3188 500 3234 and
509 3189 534 3232 1.
