2054 3946
438 521 516 566 car.
532 521 580 566 vr.
895 524 955 580 24³

68 630 144 697 pleeit
155 645 248 689 ennos3
265 644 344 694 neque
355 645 463 692 unquam
479 629 506 678 in
522 645 568 678 suo
579 628 659 678 studio
674 636 746 691 atque
757 642 826 692 opere
838 628 954 678 cessavit:

68 699 121 763 qui,
132 714 190 747 cum
201 713 231 746 ex
243 704 431 761 sequeremur,
443 712 486 746 cur
497 697 588 745 mmdiu
600 698 671 745 vellet
687 711 739 744 esse
750 694 776 743 in
788 696 855 744 vital
887 703 900 726 ⁴⁴
909 696 934 744 N
936 696 955 744 i·

68 764 134 815 hilh
194 763 217 824 ,”
229 764 314 828 inquit,
327 764 414 827 “quod
431 764 539 812 incusem
556 762 727 813 aenoetueml’
762 762 904 812 Praeclarum
919 778 955 811 re·

68 848 196 897 sponsum,
207 839 231 880 et
241 832 310 881 docto
327 831 424 880 bomine
441 831 558 892 dignum!
594 830 645 879 Sua
656 830 721 879 enim
732 829 789 879 vitia
806 830 956 893 insipientes,

68 906 96 948 et
106 914 174 948 eriam
191 900 295 962 culpam,
306 898 333 947 in
350 905 496 947 senectutem
513 896 655 957 conternnt3
670 897 735 961 quod
751 913 801 946 non
812 897 956 957 faciebatis,

69 968 143 1031 cujus
153 965 226 1014 modo
236 965 383 1015 mentionem
394 965 447 1025 feci,
458 964 569 1022 Ennium

190 1062 277 1107 “Sicut
287 1061 352 1107 fortia
364 1075 446 1120 equus,
455 1062 529 1119 spatio
539 1062 580 1119 qui
590 1075 651 1118 sepe
661 1075 766 1119 supremo

214 1121 276 1166 Vicit
286 1123 402 1180 Olympia,
412 1135 474 1166 nunc
485 1121 549 1166 senio
560 1120 676 1165 conlectu'
684 1121 807 1179 quiescit’‘

71 1213 138 1279 Equi
154 1213 222 1263 sortis
237 1221 261 1261 et
277 1213 372 1263 victoris
389 1213 507 1263 senectuti
524 1220 646 1276 comparat
663 1230 747 1272 suam;
769 1230 842 1277 quem
859 1213 957 1277 quidem

71 1283 144 1346 probe
167 1280 304 1329 meminisse
322 1281 433 1345 potestis:
460 1297 525 1329 anno
544 1279 610 1328 enim
633 1280 811 1330 undevicesimo
831 1290 885 1345 post
903 1283 958 1346 ejus

71 1357 180 1405 mortem,
191 1348 217 1396 hi
229 1350 346 1405 consules,
356 1348 388 1397 T.
399 1347 552 1396 Flamininus
563 1355 587 1395 et
598 1346 633 1395 Μ’
646 1347 747 1405 Acilius,
758 1348 813 1397 sacti
825 1356 898 1397 sunt:
917 1348 957 1397 ille

72 1424 154 1465 cutem
166 1414 287 1478 Caepione,
298 1423 322 1463 et
334 1414 446 1477 Philippo
457 1415 550 1472 iterum,
561 1415 708 1473 consulibus,
720 1422 827 1464 mortuus
839 1424 888 1463 esti
900 1431 957 1464 cum

72 1498 119 1545 ego
129 1482 234 1546 quidem,
245 1481 269 1529 V
280 1490 304 1530 et
315 1481 361 1530 LX
374 1498 451 1530 annos
467 1490 546 1540 natus,
558 1483 635 1542 legem
647 1481 780 1530 Voconiam
791 1498 849 1530 voce
861 1498 957 1543 magna,

72 1559 97 1599 et
107 1550 178 1598 bonis
189 1548 308 1608 lateribus,
319 1549 455 1597 suasissem.
489 1549 576 1598 Annos
593 1548 665 1596 LXX
677 1558 748 1598 natus
762 1548 809 1610 (tot
820 1549 885 1597 eninr
897 1549 958 1598 vixit

72 1616 184 1683 Ennius)
192 1617 226 1665 ite
236 1616 325 1665 ferebat
335 1617 390 1674 duo,
399 1632 452 1679 qne
464 1616 570 1665 maxima
580 1623 695 1680 putantur
706 1632 784 1674 onere,
792 1623 958 1679 paupertatem

72 1691 97 1734 et
107 1690 263 1741 senectutem,
274 1691 303 1732 nt
313 1683 347 1731 cis
359 1699 425 1746 pene
436 1683 547 1732 delectari
558 1684 683 1732 videretur.

106 1750 215 1809 Etenim,
232 1766 288 1799 cnm
308 1752 455 1814 contemplor
475 1751 564 1809 enimn,
582 1749 672 1813 reperio
692 1756 793 1812 quatuor
811 1765 903 1808 causas,
914 1764 959 1799 cur

72 1826 185 1867 senectus
204 1817 291 1866 misera
307 1817 430 1866 videatur:
448 1833 530 1875 unam,
542 1818 605 1880 quod
622 1825 704 1864 avocet
718 1818 813 1866 erebus
832 1816 959 1877 gerendis3

73 1885 180 1943 alteram,
192 1883 255 1948 qued
267 1899 353 1948 corpus
364 1884 435 1933 faciat
451 1884 585 1943 infirmius,
601 1883 702 1941 tertiam,
714 1884 777 1946 qnod
795 1884 871 1946 pn'vet
882 1883 959 1933 omni-

72 1953 119 2001 bus
136 1951 184 2001 iere
195 1950 372 2014 voluptatibus:
389 1959 505 2015 quautam,
516 1952 581 2015 quod
598 1951 663 1999 haud
681 1951 763 2013 procul
778 1951 839 1999 absit
850 1967 864 1998 a
875 1957 958 2001 morte.

72 2018 208 2137 milani
219 2019 303 2083 piacet,
314 2034 441 2068 cansarum
452 2027 674 2082 quantaquamque
685 2017 716 2065 sit
721 2018 790 2081 jueta
800 2033 959 2080 unaqueque,

108 2214 154 2264 vl.
170 2215 194 2265 A
206 2217 275 2264 rebus
285 2216 395 2278 gerendis
406 2223 515 2264 senectus
524 2213 655 2263 abnuebat
686 2213 799 2273 Quibusi
819 2231 851 2263 an
862 2214 898 2273 iis,
906 2231 959 2278 quie

74 2283 103 2334 in
110 2284 237 2349 iuventute
246 2292 366 2344 geruntur,
374 2291 398 2331 et
406 2282 513 2331 viribusi
549 2281 661 2330 Nullane
670 2281 743 2342 igitur
754 2297 792 2330 res
799 2291 857 2331 sunt
865 2283 959 2340 seniles,

74 2366 137 2414 que,
148 2351 186 2399 vel
197 2350 298 2399 infirmis
310 2350 453 2413 corporibus,
465 2350 546 2398 animo
557 2356 637 2397 mmen
649 2348 861 2398 administrenturl
890 2349 960 2399 Nihii

74 2433 133 2480 ergo
150 2418 235 2479 egebat
251 2416 283 2476 Q.
300 2416 440 2465 Maximusl
464 2416 526 2464 nihil
543 2415 572 2464 1,
588 2415 688 2474 Paulus,
706 2424 772 2479 pater
789 2425 853 2474 tuus,
871 2416 960 2480 Scipio,

73 2483 233 2547 soceroptimi
240 2483 293 2543 viri,
300 2483 343 2532 tilii
355 2483 419 2532 mcii
432 2483 509 2532 ceteri
516 2499 593 2541 serres,
600 2482 710 2540 Fabricii,
720 2482 795 2540 Curii,
806 2482 961 2541 Coruncanii,

75 2568 133 2602 cum
141 2551 311 2614 rempublicam
317 2551 445 2599 consilioet
453 2550 591 2600 auctoritate
598 2550 762 2609 defendebant,
771 2550 830 2599 nihil
839 2551 958 2611 agebantl

111 2617 151 2668 Ad
166 2617 230 2681 App.
242 2617 339 2667 Claudii
356 2625 502 2667 senectutem
519 2619 645 2666 accedebat
661 2618 740 2676 etiam,
752 2625 780 2666 ut
791 2634 867 2666 cecus
882 2625 960 2666 essct:

75 2692 193 2735 ettamen
204 2685 233 2744 is,
244 2701 299 2734 eum
317 2686 435 2734 sententia
451 2693 550 2733 senatus
566 2685 690 2733 inclinaret
701 2685 729 2733 ad
747 2700 838 2747 pacem,
850 2692 874 2732 et
885 2685 962 2733 foedus

76 2751 213 2801 faciendum
231 2768 287 2801 cum
304 2753 404 2816 Pyrrho,
424 2768 474 2800 non
491 2751 606 2801 dubitavit
625 2752 702 2800 ‹licers
720 2751 767 2810 ille,
784 2767 837 2813 quie
855 2751 962 2800 versibus

76 2827 217 2884 persecutus
228 2828 264 2868 est
275 2820 388 2869 Ennius:

226 2905 242 2928 “
249 2901 299 2954 Quo
310 2901 375 2945 vobis
386 2904 484 2956 mentes,
494 2903 562 2945 reete
573 2913 623 2956 quae
634 2903 695 2944 stare
705 2900 811 2943 solebant

253 2962 368 3016 Antehac,
378 2960 495 3005 dementes
506 2973 556 3004 sese
567 2960 653 3003 flexere
666 2958 715 3019 [via
724 2957 760 3018 ?’']

77 3061 210 3119 ceteraque
226 3054 381 3116 gravissime:
398 3061 483 3103 notum
500 3053 565 3102 enim
576 3052 643 3101 vobis
660 3068 756 3101 cannen
772 3060 825 3100 est:
841 3059 866 3100 et
882 3060 962 3101 temen

78 3121 155 3186 ipsius
167 3120 242 3185 Appii
258 3129 336 3170 exstet
353 3121 440 3170 oratio:
457 3129 528 3183 atque
540 3121 603 3168 hanc
622 3121 662 3168 ille
677 3119 727 3179 egit
742 3128 833 3183 septem
845 3128 869 3167 et
881 3120 962 3168 decem

79 3203 158 3237 annos
166 3197 222 3253 post
238 3190 338 3238 alterum
355 3189 514 3242 consulatum,
526 3203 582 3235 cum
599 3187 661 3236 inter
677 3186 738 3235 duos
755 3189 893 3235 consulatus
905 3186 963 3236 anni

78 3255 162 3305 decem
173 3255 368 3312 interfluxissent,
380 3270 511 3318 censorque
522 3262 577 3302 ante
588 3255 740 3302 consulatum
750 3254 894 3316 superiorem
906 3253 963 3301 suis·

79 3330 124 3372 eet.
157 3321 198 3371 Ex
215 3339 264 3386 quo
281 3322 427 3383 intelligitur,
440 3322 528 3385 Pyrrhi
546 3323 608 3370 bello
626 3322 740 3382 mandem
756 3337 813 3368 sano
831 3320 921 3368 fuisse·
939 3329 964 3368 et

79 3396 162 3439 tamen
173 3388 208 3439 sic
219 3407 233 3438 a
244 3390 349 3453 patribus
361 3390 503 3451 acecpimus

113 3456 185 3507 Nihil
195 3456 269 3519 igitur
280 3457 388 3514 aii'erunt,
400 3458 442 3518 qui
459 3455 485 3504 in
503 3473 527 3503 re
544 3456 648 3516 gerenda
659 3455 744 3504 versari
762 3461 907 3502 senectutem
923 3469 964 3500 ne·

80 3530 154 3587 gent:
171 3523 308 3588 similesque
325 3531 383 3574 sunt
399 3523 436 3585 iis,
448 3522 491 3590 qui
508 3523 730 3588 gubemateremin
742 3522 886 3582 aurigando
898 3535 975 3577 agaza

1008 3652 1013 3693 l
