2054 3946
91 213 150 264 232
412 202 461 249 uu
477 200 657 249 orsrcrrs

92 314 202 388 gotium
216 312 345 370 exhiberi
361 312 433 387 patri
447 332 454 370 :
470 310 627 368 accurrisse
639 310 754 368 Roman
769 320 799 367 et
812 330 877 367 cum
887 309 966 387 prims

92 393 156 449 luco
172 392 327 468 Pomponii
342 391 459 448 domum
474 392 588 448 venisse
604 390 717 447 dicitur.
755 389 816 448 Cui
828 400 968 448 comesset

92 472 262 538 nuntiatum,
285 471 335 543 qui
356 471 435 527 illurn
459 471 560 527 iratum
587 471 736 527 allaturum
761 469 797 526 ad
820 489 852 527 se
874 468 968 543 aliquid

92 562 190 607 contra
210 562 318 626 patrem
340 550 528 617 arbitraretur,
544 548 668 607 surrexit
682 568 698 606 e
711 550 831 617 lectulo,
853 550 970 608 temous

93 648 148 701 que
163 631 284 697 arbitris,
298 629 332 686 ad
348 648 379 686 se
395 629 605 687 adolescentem
616 629 707 705 jussit
718 630 828 686 venire.
870 631 908 687 At
918 628 969 696 ille,

92 721 123 765 ut
136 710 282 784 ingressus
297 720 351 776 est,
366 709 517 767 confestim
537 708 661 784 gladium
677 709 844 775 destrinxit,
861 708 971 785 juravit·

92 807 158 859 que,
181 808 212 845 se
233 790 314 846 illurn
335 789 431 845 statim
452 788 676 855 interfecturum,
698 788 756 845 nisi
774 787 969 865 jusjurandum
996 814 1000 823 ·

92 867 227 934 dedisset,
251 888 281 924 sc
310 879 418 943 patrem
440 869 560 925 missum
582 887 646 924 csse
674 867 828 925 facturum.
869 868 971 926 ‚Iuravit

92 946 157 1013 lroc,
180 960 294 1003 coactus
322 959 438 1013 terrore,
462 948 660 1022 Pomponius:
689 966 751 1005 rem
779 948 817 1004 ad
841 948 969 1023 populun

93 1025 212 1084 detulit:
234 1027 340 1093 docuit,
356 1046 406 1083 cur
420 1027 476 1084 sibi
496 1046 582 1083 causa
595 1026 732 1083 desistere
747 1046 870 1084 necesse
884 1036 968 1085 esset:

92 1106 234 1163 Manlium
250 1108 369 1163 missum
385 1106 462 1163 lecit.
505 1106 630 1162 Tantum
649 1106 829 1181 temporibus
844 1107 902 1164 illis
916 1108 969 1195 jiu-

96 1185 251 1261 jurandum
268 1187 406 1243 valebat*
447 1187 540 1256 Atque
556 1185 603 1242 hic
618 1186 655 1242 T.
673 1185 804 1243 Manlius
820 1187 846 1243 is
860 1198 915 1253 cst,
928 1185 969 1258 qni

92 1264 126 1321 ad
145 1266 285 1322 Anienem
308 1266 397 1331 Galli,
412 1284 498 1336 quem
520 1265 554 1321 ab
575 1284 610 1323 eo
631 1275 804 1340 provocatus
826 1265 968 1330 occiderat,

92 1355 190 1417 torque
205 1344 355 1412 detracto‚†
369 1363 529 1420 cognomen
550 1344 659 1401 invenit
669 1347 694 1418 εἶ
714 1345 799 1420 cujus
818 1344 902 1402 tertio
913 1362 969 1403 con·

91 1425 184 1482 sulatu
200 1424 293 1481 Latini
308 1424 343 1480 ad
358 1424 506 1496 Veserim§
521 1423 578 1480 fusi
599 1433 628 1480 et
651 1423 750 1499 fugati.
795 1424 922 1500 Magnus
935 1423 969 1481 ric

91 1504 246 1580 inprimis,
263 1505 354 1574 etqui
372 1502 574 1579 perindulgens
596 1503 625 1560 in
647 1513 767 1578 patrem,
782 1502 862 1561 idem
880 1503 969 1561 acerbe

91 1602 207 1640 severus
224 1584 253 1640 in
267 1584 384 1652 filiumlt

92 1710 181 1770 uAP.
193 1711 320 1769 XXXII.
363 1709 547 1789 Eoeemplum
559 1710 744 1786 captivorum
755 1711 793 1769 ab
809 1708 970 1771 Hannibale

348 1790 388 1848 cd
401 1798 537 1848 serentum
552 1790 724 1848 missorum.

131 1904 193 1960 Suu
216 1913 245 1960 ct
269 1903 427 1960 laudandus
448 1901 577 1978 Regulus
601 1903 630 1960 in
651 1903 851 1961 conservando
870 1904 971 1981 jureju-

91 1982 190 2049 rando,
211 1984 253 2039 sic
275 1982 372 2040 decem
396 1983 448 2048 illi,
463 2001 536 2054 quos
557 1993 624 2057 post
644 1981 831 2041 Cannensem
854 2001 970 2060 pugnum

95 2061 206 2137 juratos
222 2060 256 2117 ad
271 2074 400 2118 senatum
420 2063 498 2118 misit
516 2061 670 2128 Hannibal,
685 2062 713 2118 in
729 2074 823 2120 castra
838 2064 971 2121 redituros

91 2159 134 2207 ca,
151 2159 272 2213 quorum
287 2150 366 2197 erant
386 2142 469 2216 potiti
484 2141 577 2208 Poeni,
594 2141 650 2198 nisi
664 2140 699 2197 de
720 2141 899 2201 redimendis
913 2160 973 2218 cap·

126 2305 138 2334 *
152 2301 392 2363 Tantum-eelebot.
426 2303 464 2346 No
473 2313 571 2345 reasons
582 2314 621 2363 ore
632 2299 775 2362 here'ststed
786 2300 845 2363 uby
854 2314 870 2346 o
881 2302 974 2358 promis·

91 2354 256 2419 rumpentium
269 2355 291 2398 et
304 2355 371 2416 metu
389 2356 523 2407 extortum,
535 2358 559 2417 to
572 2367 586 2398 a
598 2358 679 2410 pirate,
691 2367 711 2397 rs
725 2354 832 2408 ruvalrd3
851 2355 895 2401 but
908 2354 974 2407 vulid,

91 2407 975 2524 ttttttttsstttttttudpltltttlttttlttttttttsttt

91 2514 237 2612 stultit
251 2513 975 2629 tstultissimus},tlttltttzusttttttt

91 2633 157 2665 some
170 2621 236 2672 other
253 2632 347 2674 person.
382 2620 410 2663 Τ.
422 2622 472 2665 Lrv.
484 2633 523 2663 vu.
535 2622 557 2672 4,
570 2621 584 2644 “
592 2623 654 2664 Ante
672 2632 760 2667 omum.
772 2621 880 2665 invisum
899 2622 974 2677 ipsum

92 2675 215 2726 ingenium
234 2679 307 2719 atrox.
319 2685 498 2727 cognomenque
516 2673 645 2728 imperiosi,
657 2685 728 2727 grove
745 2672 824 2718 liberae
842 2674 939 2730 civitati,
950 2674 976 2719 ab

92 2728 246 2774 ostentatione
257 2727 351 2772 saeesttae
364 2726 487 2770 adscitum.
529 2778 534 2786 ¹
547 2778 551 2786 ι

123 2781 139 2834 †
154 2781 269 2841 Detrecto.
303 2781 332 2823 In
344 2792 411 2840 some
422 2779 486 2840 curly
498 2779 606 2833 cdrtrons,
617 2779 723 2825 ἀείναάα.
756 2780 860 2836 Torquis
871 2794 893 2825 rs
905 2779 974 2826 found

90 2833 248 2888 occasionally
260 2846 285 2876 m
298 2832 337 2876 the
348 2834 480 2877 Femrnme.

125 2892 136 2935 ss
150 2888 178 2930 T.
192 2887 242 2931 Liu
253 2887 291 2929 vii.
307 2886 341 2930 10.

43 2988 46 2993 ,
125 2940 138 2992 ξ
155 2940 263 2983 Vesertrn.
298 2938 350 2982 Tho
368 2950 439 2981 name
451 2938 479 2982 of
492 2951 506 2981 n
518 2937 585 2992 river,
596 2938 645 2982 snd
662 2939 712 2982 also
724 2939 752 2982 ot'
765 2952 780 2983 o
792 2942 859 2984 town
872 2952 899 2984 ru
912 2942 973 2986 Com·

90 2993 169 3048 panis,
181 3005 238 3035 near
252 2992 289 3036 the
301 2997 398 3046 present
409 2991 532 3035 Vesuvius.

124 3045 132 3097 l
147 3046 175 3088 In
183 3044 279 3098 filiurn.
314 3045 399 3089 Whom
415 3043 444 3088 he
462 3044 580 3088 behosded
593 3045 627 3088 for
645 3044 765 3100 engaging
777 3045 802 3089 in
816 3046 912 3091 combnt
923 3057 973 3090 con·

90 3097 323 3151 trarytohisorder.
357 3099 384 3140 T.
395 3098 446 3142 Liv.
458 3098 506 3141 viii.
516 3099 538 3140 7.
573 3098 632 3141 'ruis
644 3103 763 3151 sentence,
772 3099 822 3143 and
832 3099 871 3144 the
900 3098 973 3144 reced-

84 3149 133 3203 ing,
146 3150 236 3205 having
247 3165 281 3197 no
298 3151 399 3197 relation
410 3154 435 3197 to
446 3151 486 3196 tbc
502 3150 602 3206 subiect,
611 3164 651 3195 ure
662 3152 819 3206 pronouuced
837 3153 870 3209 by
882 3113 971 3199 imese

67 3203 145 3344 ΚΜ
157 3208 283 3263 spurious
