2054 3946
69 202 103 256 14
379 190 427 234 DE
452 189 640 235 osslcus.

66 333 156 391 cnP.
171 332 196 389 Ι.
219 330 331 389 lilium
344 329 480 387 hortatur
497 329 655 396 dicarant
670 347 737 388 oum
755 328 871 387 Graecis
885 325 944 389 Le·

117 413 170 469 iou
180 411 353 488 conjungat,
367 417 560 484 sequaturque
575 416 601 464 et
614 407 846 486 philosophandi
855 408 945 467 scien·

106 491 190 557 tiam,
206 499 231 546 et
242 489 367 569 forense
381 487 497 545 dicendi
510 505 616 562 genua.

107 600 279 666 Qoraaorn
299 611 336 667 te,
358 600 455 656 Marce
479 600 548 664 fili*
572 619 677 657 annum
702 600 763 677 jam
784 599 946 658 audientem

69 678 251 754 Cratippum,
266 679 351 750 idque
366 679 497 744 Athenis,
513 678 654 735 abundare
669 690 781 754 oportet
794 680 946 755 praeceptis

68 757 260 830 institutisque
282 758 482 833 philosophia,
499 768 613 833 propter
626 777 766 815 summam
782 770 810 815 et
824 758 947 816 doctoris

69 838 272 903 auctoritatem,
288 848 316 893 et
328 838 425 904 urbis;
448 855 569 908 quorum
584 838 652 894 alter
668 848 694 893 te
708 838 829 895 scientia
843 856 946 914 augere

69 926 173 992 potest,
189 916 275 972 altera
288 916 447 992 exemplis:
469 926 574 982 tamen,
587 927 619 973 ut
633 918 695 992 ipse
711 916 745 973 ad
766 936 859 973 meam
874 917 948 974 utili·

70 1005 156 1051 tatem
177 1014 290 1070 semper
310 1015 373 1052 cum
397 995 506 1052 Graecis
527 995 628 1052 Latina
649 997 904 1071 conjunxi„neque
919 995 948 1052 id

70 1075 100 1131 in
115 1074 298 1150 philosophia
307 1075 410 1140 solum,
422 1073 472 1129 sed
484 1075 568 1131 etiam
578 1075 607 1130 in
620 1074 733 1131 dicendi
745 1076 948 1132 exercitatione

70 1153 125 1210 lbci
139 1173 146 1220 3
169 1152 197 1209 id
213 1153 263 1209 tibi
285 1172 388 1209 censeo
403 1153 576 1220 faciundum,
591 1164 623 1210 ut
638 1173 688 1228 par
701 1155 741 1210 sis
757 1154 786 1211 in
801 1153 948 1226 utriusque

70 1232 219 1293 orationisi
246 1232 385 1288 facultate.
428 1231 520 1297 Quam
548 1233 662 1305 quidem
685 1232 720 1288 ad
740 1252 811 1299 rem,
833 1252 898 1299 nos,
920 1242 950 1289 ut

70 1310 209 1378 videmur,
240 1330 372 1386 magnum
394 1311 538 1368 attulimus
556 1312 755 1388 ¹adjumentum
783 1311 948 1369 hominibus

70 1393 185 1455 nostris,
209 1400 238 1447 ut
259 1410 315 1446 non
337 1389 421 1446 modo
437 1390 599 1448 Graecarum
621 1392 766 1448 literarum
786 1390 882 1456 rudes,
898 1390 948 1447 sed

70 1471 156 1527 etiam
176 1469 262 1535 docti,
285 1470 459 1541 aliquantum
480 1489 512 1526 se
534 1470 700 1526 arbitrentur
721 1470 838 1545 adeptos
862 1481 891 1526 et
912 1468 948 1527 ad

71 1550 231 1616 dicendum,
249 1549 323 1605 etad
342 1548 538 1624 judicandum.

112 1630 203 1696 Quam
219 1630 325 1685 obrem
341 1628 434 1685 disces
450 1638 479 1684 tu
494 1627 609 1699 quidem
620 1648 635 1683 a
647 1628 775 1702 principe
787 1628 874 1704 hujus
886 1638 949 1685 aeta-

71 1708 106 1764 tis
121 1708 369 1784 philosophorum,
385 1717 413 1763 et
425 1706 529 1774 disces,
546 1726 631 1779 quam
646 1707 694 1763 diu
710 1708 788 1764 voles
802 1727 809 1773 ;
826 1719 883 1764 tarn
898 1707 947 1765 diu

71 1797 165 1844 autem
189 1787 260 1843 velle
277 1786 402 1851 debebis,
418 1786 511 1857 quoad
527 1798 564 1852 te,
580 1796 717 1858 quantum
733 1787 875 1862 proficias,
891 1805 949 1845 noa

103 1981 116 2007 ⁸
133 1973 269 2030 Muroefiti.
301 1974 360 2017 This
371 1974 464 2018 treatise
475 1987 525 2018 was
536 1975 660 2019 addressed
670 1975 740 2020 tothe
752 1988 860 2031 younger
869 1976 950 2020 Cicero

70 2028 140 2071 when
153 2028 177 2070 in
191 2027 230 2070 the
242 2029 294 2088 tlst
304 2038 363 2088 year
372 2027 400 2070 oi
413 2027 448 2070 his
460 2040 510 2082 ege.
546 2029 574 2072 In
586 2029 624 2072 the
637 2030 686 2072 tirst
702 2035 814 2072 sentence
826 2029 862 2072 iris
874 2030 950 2073 father

70 2079 950 2187 ratrttmtrtdttttttta‘tartidatetremit

70 2186 109 2230 the
121 2187 187 2241 placa
197 2187 224 2229 ot’
237 2185 273 2229 bis
282 2198 297 2228 a
326 2186 361 2238 do,
372 2185 417 2230 had
430 2187 520 2241 always
532 2186 592 2231 been
609 2187 736 2232 renowned
753 2188 788 2231 for
799 2187 837 2231 the
849 2187 951 2232 number

71 2239 99 2282 of
106 2239 201 2282 learned
212 2251 267 2282 men
280 2238 334 2282 who
345 2238 390 2282 had
404 2239 466 2283 there
478 2240 576 2292 resided,
587 2253 613 2284 or
621 2241 727 2284 received
739 2241 798 2284 their
809 2240 951 2294 education;

70 2291 109 2336 ad.
122 2291 258 2352 cratippus,
270 2291 324 2334 who
336 2291 382 2335 had
394 2291 454 2336 been
465 2293 604 2337 established
613 2298 637 2337 at
645 2293 736 2337 Athens
743 2306 775 2336 on
785 2293 887 2337 Cicero’s
894 2305 951 2337 own

71 2344 286 2388 recommendatron
298 2356 326 2388 as
336 2357 366 2388 an
379 2345 503 2390 instructer
513 2347 541 2389 ot'
554 2346 635 2400 youth,
647 2350 700 2391 was'
707 2347 806 2401 reputed
818 2358 865 2389 one
876 2347 904 2390 ot
912 2345 951 2390 tho

71 2401 133 2441 most
149 2397 244 2473 learned
262 2409 317 2459 mep
332 2398 360 2441 of
373 2397 412 2442 the
429 2410 487 2452 age3
504 2399 541 2462 td.
558 2402 594 2454 By
607 2399 698 2461 ,stating
716 2399 754 2443 the
770 2398 852 2454 period
870 2400 899 2443 ot'
912 2399 952 2443 tbe

71 2462 156 2600 litingi
167 2449 668 2600 llbtellpiillffllttitillabit&
676 2451 952 2560 terebratum

70 2567 349 2665 soilibeypupiliappipiciir‘s
358 2612 382 2654 to
394 2608 453 2654 have
470 2609 533 2653 lived
550 2622 581 2654 on
599 2610 753 2654 confidential
762 2614 834 2654 terma
844 2610 903 2654 with
914 2609 953 2653 hia

71 2664 201 2708 instructer.
236 2663 264 2706 ln
275 2674 290 2705 a
299 2662 366 2706 letter
378 2662 453 2706 which
466 2663 579 2707 hasbeen
596 2664 721 2726 preserved
734 2665 794 2706 from
806 2663 845 2707 the
858 2663 951 2713 tormer,

71 2716 100 2761 he
111 2729 173 2771 says,
183 2715 295 2771 Cratippo
312 2727 350 2759 me
368 2715 426 2759 scito
437 2728 486 2759 non
503 2719 531 2760 ut
545 2717 694 2772 discipulum,
705 2716 746 2760 sed
763 2721 790 2761 ut
806 2716 883 2760 tilium
899 2728 951 2760 esso

71 2769 307 2825 conjunctissimum:
323 2780 381 2812 nam
393 2781 448 2812 cum
461 2769 531 2812 audio
544 2769 610 2813 illum
628 2770 733 2822 libenter,
743 2773 794 2814 tum
811 2769 884 2813 etiam
900 2767 952 2824 ejus

71 2822 190 2878 propriam
207 2821 347 2866 suavitatem
363 2821 514 2865 vehementer
531 2823 674 2876 amplector:
691 2834 744 2865 aum
762 2826 823 2866 totos
834 2822 884 2866 dics
896 2834 952 2866 cum

70 2887 106 2927 eo,
116 2875 238 2929 noctisque
250 2886 412 2930 sepenumero
422 2878 512 2930 partem
520 2875 600 2928 -Ep
611 2878 677 2920 Fam.
690 2876 755 2920 XVI.
766 2877 803 2919 21.

103 2926 121 2984 †
141 2927 267 2982 Utriusque
284 2927 405 2973 mutonis.
439 2929 515 2981 Many
527 2927 683 2982 interpretare,
700 2928 796 2972 ancient
811 2940 838 2970 as
855 2927 909 2971 well
927 2939 953 2971 as

72 2980 177 3033 modern,
189 2981 339 3077 oppipethese
348 2980 425 3024 words
432 2984 456 3024 to
466 2981 505 3023 the
517 2985 564 3043 tyro
575 2980 661 3044 longua
678 2993 704 3024 es
718 2981 799 3044 ¹Greelr
807 2980 855 3024 and
866 2981 953 3044 batim

71 3032 156 3085 others,
172 3032 229 3076 with
276 3036 320 3078 tter
333 3044 425 3085 reason,
443 3037 468 3077 to
485 3032 635 3087 Phttosophto
652 2994 677 3078 ei
697 3013 788 3078 docenda
805 3035 953 3078 exmcdotto.

71 3084 124 3131 'ibe
141 3090 200 3130 next
216 3090 330 3135 sentence
347 3098 448 3143 appears
468 3089 492 3130 to
512 3087 581 3129 maire
598 3086 643 3131 this
660 3085 869 3131 evident-Cicero
887 3086 953 3131 there

72 3139 161 3194 speaks
172 3139 200 3183 ot
212 3139 251 3184 tha
262 3139 360 3185 benetits
369 3139 444 3184 which
462 3138 498 3184 bis
510 3143 667 3195 countrymen
681 3139 727 3182 had
738 3139 832 3184 derived
844 3141 905 3184 trom
917 3139 953 3183 his

71 3192 196 3248 exertioua,
205 3205 232 3236 es
242 3194 297 3237 well
308 3193 474 3239 eadhaedum
487 3205 513 3238 as
523 3193 554 3238 ud
564 3192 736 3248 judicandum·
