2054 3946
94 198 131 252 54
411 193 459 237 oc
479 192 656 239 orrrcrrs.

96 301 134 357 Et
147 301 172 356 si
186 300 252 373 quid
269 300 426 376 ejusmodi:

226 394 337 452 Salmaci,
346 395 390 443 ‹la‘
405 393 487 457 spella,
499 394 551 443 siue
564 395 649 443 sudore
660 402 685 443 et
695 393 821 457 sanguiue.

96 477 259 550 Contraque
273 479 303 535 in
316 477 458 543 laudibuS,
472 498 534 549 quae
550 498 652 554 magno
675 479 780 545 animo,
803 476 850 556 [et
870 474 972 557 elatol]

95 558 203 613 l'ortiter
216 559 444 629 excellenterque
459 567 539 632 gesta
552 568 628 621 sunt,
643 577 677 614 ca
697 559 794 614 nescio
810 576 868 629 quo
891 556 974 616 modo

95 637 176 706 quasi
191 637 318 711 pleniore
333 656 381 693 ore
398 637 556 693 laudamus.
599 637 677 693 Hinc
691 637 836 693 rhetorum
858 654 974 713 campus

95 714 130 771 de
146 716 324 783 Marathone,
341 716 496 782 Salamine,
512 716 638 780 Plataeis,
649 717 869 791 Thermopylis
885 716 974 773 Leuc·

96 796 164 861 tris3
186 795 253 852 hine
274 808 371 852 noster
392 795 508 862 Coeles,
524 795 591 851 hinc
614 795 707 861 Decii,
727 795 795 851 hinc
820 795 929 853 Cnaeus
947 804 974 853 et

96 873 215 930 Publius
237 875 399 949 Scipiones,
421 875 489 931 hiuc
511 875 554 932 Μ.
571 875 737 938 Marcellus,
752 875 972 933 innumerabiles

96 953 163 1008 alii:
187 955 367 1025 maximeque
381 955 443 1029 ipse
458 955 581 1029 populus
597 954 744 1011 Romanus
759 955 847 1011 animi
868 953 974 1031 magni·

97 1031 193 1087 tudine
209 1034 331 1088 excellit.
370 1033 537 1090 Declaratur
550 1044 642 1090 autem
656 1033 779 1089 studium
792 1034 903 1090 bellicae
917 1034 974 1111 glo·

97 1111 156 1177 riae,
171 1111 247 1183 quod
261 1122 366 1168 statuas
382 1132 496 1185 quoque
510 1113 639 1169 videmus
655 1123 753 1169 ornatu
776 1112 835 1169 sere
849 1114 972 1171 militari.

97 1238 187 1295 CAP.
210 1240 292 1296 XIX.
326 1239 459 1297 Tertiam
480 1240 630 1305 virtutem,
652 1256 716 1315 quaa
738 1248 799 1296 erut
810 1237 973 1318 fortitudo,
1015 1254 1017 1261 ·

130 1319 270 1395 proponit
295 1319 416 1376 Cicero:
445 1337 518 1393 qnos
540 1319 664 1376 virtutes
685 1319 786 1376 delient
806 1317 912 1377 habere
932 1336 975 1378 ce·

135 1398 240 1455 anites:
263 1398 371 1474 quilius
388 1397 472 1455 uitiis
488 1398 571 1476 infici
585 1396 685 1455 soleat.

138 1513 199 1569 Ser>
214 1532 247 1570 ea
261 1513 349 1569 animi
370 1513 465 1579 elatio,
482 1531 544 1584 quae
566 1512 689 1568 cernitur
703 1511 731 1567 in
748 1510 883 1587 periculis
897 1520 926 1568 et
938 1512 975 1569 la·

95 1594 221 1659 boribus,
250 1594 275 1648 si
300 1593 412 1667 justitia
435 1602 515 1648 vacat
539 1606 700 1666 pugnatque
727 1610 783 1647 non
811 1610 863 1665 pro
886 1592 975 1649 salute

95 1673 250 1737 courmuni,
267 1672 316 1727 serl
339 1690 390 1746 pro
405 1672 465 1727 suis
479 1670 648 1736 commodis,
668 1672 700 1726 in
721 1671 790 1726 vitio
811 1681 865 1727 est.
909 1670 976 1729 Non

96 1753 172 1807 cuim
187 1751 273 1807 modo
290 1750 319 1806 id
336 1753 447 1807 virtutis
461 1770 517 1806 non
530 1760 583 1814 est,
595 1749 644 1804 sed
657 1762 700 1805 est
713 1751 807 1824 potius
818 1750 976 1808 immanita·

98 1832 143 1894 ris,
157 1849 270 1886 omnem
286 1830 490 1885 humanitatem
504 1829 676 1904 repellentis,
719 1829 816 1900 ltaque
831 1831 920 1903 probe
932 1830 976 1889 tle·

96 1910 193 1966 finitur
219 1929 235 1964 a
260 1909 364 1964 Stoicis
392 1908 536 1974 fortitudo,
567 1927 631 1963 cum
660 1926 721 1964 cam
750 1909 885 1965 virtutem
914 1928 976 1967 esse

96 1988 194 2046 dicunt
208 1999 433 2062 propugnantem
455 1992 522 2062 pross
536 1988 677 2058 aequitate.
719 1988 861 2052 Quocirca
881 2008 976 2058 nemo,

129 2133 141 2160 *
156 2127 269 2179 soluturi,
281 2127 318 2170 (lu.
352 2127 415 2170 Thut
426 2128 519 2172 Ennius
530 2129 657 2183 composed
669 2128 732 2173 these
750 2142 836 2181 verses,
848 2131 935 2176 Festus
945 2136 978 2177 ut·

97 2185 161 2226 tests.
196 2182 223 2223 ln
237 2192 309 2234 many
317 2182 387 2225 MSS.
399 2182 437 2223 tlrc
450 2186 496 2224 two
508 2182 585 2224 words
595 2194 633 2224 are.
643 2181 731 2236 joined,
741 2183 787 2224 and
797 2184 979 2229 sudded—Sul·

96 2235 200 2279 rancidus
210 2252 219 2284 ‚·
239 2234 315 2285 alew,
326 2234 372 2276 and
391 2234 429 2276 the
441 2236 556 2277 Venetiae
575 2235 702 2278 editiones
718 2235 783 2288 1493,
801 2236 854 2290 give
869 2237 978 2283 salmant-

96 2290 146 2331 rtns.
180 2290 199 2330 A
214 2287 322 2329 fourrtaiu
335 2287 358 2328 in
370 2287 443 2337 Caria,
456 2299 513 2330 near
531 2288 716 2342 Halicarnassus,
728 2288 775 2330 and
787 2301 799 2331 a
814 2291 908 2344 nymph
925 2290 978 2335 who

45 2347 51 2354 '
96 2341 225 2395 liabitually
238 2340 322 2382 bathcd
333 2340 357 2382 in
369 2340 392 2391 it,
406 2340 460 2382 bore
472 2340 511 2383 the
520 2352 590 2383 name
600 2342 627 2383 of
637 2341 758 2386 Salmacis.
792 2343 978 2399 Metamorphos,

95 2395 126 2439 iv.
138 2395 190 2437 285.
225 2393 276 2436 The
294 2405 335 2435 use
353 2393 380 2435 ol
395 2393 424 2436 its
441 2398 525 2436 wuters
543 2405 591 2436 was
608 2395 759 2448 represented
776 2393 806 2449 hy
819 2396 858 2439 the
874 2402 979 2451 poclm

96 2448 193 2498 making
211 2458 266 2489 men
284 2446 431 2489 effeminate:
449 2446 524 2489 hence
543 2447 737 2501 thenppellation
750 2460 799 2490 was
834 2448 913 2493 robnbl
941 2448 979 2495 bo·

96 2501 185 2545 stowed
203 2498 356 2553 proverbially
370 2511 401 2541 on
419 2512 473 2542 men
493 2500 523 2559 ol
534 2502 657 2559 suspected
674 2513 782 2552 coniage,
795 2462 848 2545 wlio
867 2462 978 2555 nugbths

95 2552 298 2651 qupposedtready
310 2556 335 2646 po
347 2552 537 2595 surrenderthcrr
548 2554 628 2606 spoils,
640 2555 742 2606 ἀνιδρωτὶ
755 2555 789 2594 καὶ
802 2555 917 2609 ἀναιμωτί,
930 2560 978 2603 tos

111 2618 214 2651 raveran
227 2618 241 2647 a
257 2618 326 2649 onis.

128 2661 144 2715 †
156 2618 255 2704 Μῆτις
268 2659 328 2700 This
339 2657 413 2709 word,
426 2657 502 2701 which
515 2657 554 2700 the
572 2658 718 2711 Heusingers
735 2658 850 2702 excluded
863 2659 888 2702 in
900 2672 916 2704 a
927 2674 979 2717 pre·

95 2714 179 2766 reding
189 2709 328 2766 parauraph,
338 2710 365 2764 is,
377 2711 402 2753 iu
414 2711 473 2754 their
483 2711 578 2765 edition,
590 2711 644 2755 herc
655 2712 758 2754 inserted
776 2724 807 2755 on
826 2712 865 2757 the
877 2714 936 2759 saith
946 2714 975 2761 ei

95 2767 191 2811 ancient
201 2764 294 2808 editors.

415 2850 568 2894 CHAPTER
585 2850 654 2894 XIX.

130 2923 142 2969 ss
157 2918 355 2972 Prinrngnanlcm
367 2930 418 2972 pro.
453 2918 504 2962 The
514 2918 604 2973 precise
616 2931 715 2973 passage
726 2920 750 2964 in
762 2921 822 2964 their
832 2923 943 2976 writings
953 2927 977 2973 iu

96 2972 173 3015 which
186 2971 231 3014 this
243 2971 366 3014 definition
379 2983 485 3025 appears,
498 2971 541 3015 has
555 2975 599 3016 not
609 2976 650 3025 yet
661 2973 719 3015 been
733 2974 875 3020 discovered.
909 2979 978 3035 Pug-

96 3026 194 3069 nantem
207 3025 227 3067 is
240 3025 314 3067 found
332 3024 356 3066 in
376 3026 440 3078 early
452 3025 560 3076 editions,
579 3026 626 3068 and
644 3025 669 3068 in
688 3038 752 3069 some
768 3029 836 3071 Mss.
871 3031 979 3078 Another

95 3079 203 3121 instance
216 3078 243 3119 ol
256 3077 295 3120 the
312 3077 478 3132 compounded
491 3078 546 3120 verb
564 3078 621 3122 with
639 3077 677 3121 the
694 3080 837 3134 preposition
856 3086 978 3139 repeated,

87 3142 173 3174 occurs
184 3129 226 3172 lib.
239 3130 269 3175 ri.
278 3144 319 3186 ep.
332 3131 353 3176 6.
378 3134 392 3155 “
400 3132 463 3175 Cum
472 3131 587 3186 equestris
593 3131 799 3187 ordinispriueeps
809 3139 879 3190 esset,
886 3149 978 3194 proque

78 3183 228 3226 measalutc
240 3185 557 3244 acerrimcpropugnaret.”
998 3196 1001 3201 '
