2054 3946
311 501 384 549 ara.
397 501 416 546 1.
451 500 530 546 car.
543 501 629 548 xxx.
872 509 910 566 ⁷⁰

43 613 49 670 i
63 612 131 686 quis
147 619 192 668 cst
211 611 296 688 paulo
317 611 448 678 erectior,
463 611 594 682 quamvis
608 611 750 687 voluptate
773 612 909 688 capiatur,

43 693 151 750 ccultat
178 702 207 748 et
233 691 394 749 dissimulat
419 691 577 767 appetitum
606 692 768 768 voluptatis,
795 705 911 769 propter

43 769 242 829 ‘erecuudiam

64 852 114 909 Ex
140 869 199 922 quo
220 849 394 926 intelligitur,
411 849 538 925 corporis
561 850 735 925 voluptatem
760 871 818 908 nou
841 852 910 908 satis

43 949 90 988 sse
112 929 230 1006 dignam
250 929 374 986 hominis
396 929 568 1004 praestantia,
584 948 704 1001 eamque
725 932 870 988 contemni
884 942 911 988 ct

43 1010 107 1087 ejici
132 1021 282 1085 oportere:
311 1009 356 1066 siu
378 1011 416 1065 sit
436 1009 589 1084 quispiam,
611 1010 661 1082 qui
682 1010 788 1081 aliquid
810 1012 912 1068 tribuat

44 1090 177 1165 oluptati,
191 1089 341 1163 diligenter
354 1089 381 1145 ei
396 1088 546 1145 tenendum
561 1107 626 1145 esse
640 1090 702 1164 ejus
718 1089 841 1146 fruendae
853 1110 912 1147 mo·

44 1188 106 1226 um.
150 1169 249 1240 ltaque
261 1168 352 1225 victua
362 1169 512 1240 cultusque
527 1169 655 1243 corporis
670 1169 705 1224 ad
720 1169 909 1226 valetudinem

43 1248 173 1316 referatur,
201 1257 230 1303 et
256 1246 291 1303 ad
319 1249 404 1314 vires,
433 1267 491 1304 uon
517 1247 552 1304 ad
580 1249 763 1323 voluptatem.
816 1251 911 1320 Atque

43 1328 112 1384 tiam
138 1329 164 1384 si
185 1325 364 1384 considerare
385 1328 528 1394 volumno,
551 1346 613 1397 quae
634 1329 672 1384 sit
692 1329 721 1385 in
744 1339 841 1384 natura
861 1328 911 1384 ho·

43 1407 132 1464 riuis*
153 1407 323 1464 excellentia
343 1416 372 1463 et
391 1406 532 1483 diguitas;
555 1408 757 1484 intelligemus,
774 1409 912 1480 quamsit

43 1505 107 1564 rrpe
122 1485 252 1543 diffluere
272 1486 393 1553 luxuria,
409 1497 438 1543 et
458 1485 576 1542 delicate
597 1506 630 1543 ac
651 1488 773 1544 molliter
793 1488 908 1544 vivere:

45 1585 172 1638 uamque
187 1567 338 1624 honestum
353 1585 447 1641 parce,
464 1566 651 1633 continenter,
667 1586 776 1633 severe,
791 1562 896 1625 sobrie.

63 1646 286 1722 Intelligendum
301 1647 386 1702 etiam
401 1655 454 1712 est,
469 1644 578 1702 duabus
599 1647 681 1716 quasi
702 1666 754 1702 nos
776 1666 792 1702 a
813 1657 911 1703 natura

43 1725 140 1782 rdutos
164 1745 227 1782 esse
249 1727 397 1800 personis:
420 1744 539 1796 quarum
560 1745 617 1782 uua
630 1737 673 1781 est
687 1727 858 1792 communis,
874 1745 911 1782 ex

43 1824 70 1872 o,
86 1804 166 1878 quod
186 1824 285 1862 omnes
305 1805 458 1880 participes
480 1823 579 1861 sumus
593 1805 710 1861 rationis
731 1806 911 1880 praestantiae-

45 1904 81 1942 ue
95 1885 179 1960 ejus,
202 1904 258 1956 qua
280 1885 475 1941 antecellimus
501 1885 610 1951 bestiis,
633 1904 649 1940 a
670 1904 725 1956 qua
751 1903 835 1940 omne
860 1885 910 1942 ho·

45 1973 140 2021 estum
166 1965 358 2035 decorumque
383 1965 510 2028 trahitur,
534 1974 563 2020 et
590 1982 626 2021 ex
651 1983 708 2036 qua
735 1965 805 2020 ratio
834 1964 910 2021 inve-

46 2043 124 2101 iendi
153 2044 240 2100 officii
265 2044 444 2115 exquiritur:
472 2043 558 2100 altera
576 2056 681 2111 autem,
707 2063 769 2115 quae
795 2046 909 2120 proprie

43 2124 148 2200 iugulis
174 2134 219 2178 est
243 2123 353 2179 tributa.
397 2124 437 2180 Ut
461 2123 538 2179 euim
560 2123 590 2179 iu
611 2125 777 2198 corporibus
800 2143 908 2200 magnae

45 2201 275 2260 issimilitudiues
316 2211 383 2259 sunt
420 2201 502 2277 (alios
536 2202 665 2259 videmus
693 2204 840 2260 velocitate
874 2204 909 2262 ad

43 2301 151 2347 ursum,
174 2282 245 2338 alios
267 2282 374 2337 viribus
395 2282 430 2338 ad
451 2281 615 2338 luctandum
644 2283 756 2339 valere:
784 2285 908 2356 itemque

43 2362 169 2420 isormis
192 2362 254 2418 aliis
276 2361 440 2437 dignitatem
464 2363 569 2427 inesse,
584 2363 647 2419 aliis
664 2363 851 2441 venustatem)
866 2365 908 2420 sic

43 2461 54 2498 a
69 2441 174 2498 animis
189 2441 331 2497 exsistunt
345 2441 467 2516 majores
482 2441 565 2497 etiam
582 2443 740 2498 varietates.

64 2520 137 2579 Erat
157 2521 187 2576 in
209 2519 244 2576 L.
260 2519 378 2587 Crasso,
401 2521 430 2576 in
455 2521 489 2577 L.
506 2521 652 2596 Philippo,
675 2523 779 2578 multus
807 2522 906 2596 lepos:

43 2601 116 2677 rajor
141 2601 226 2656 etiam
252 2601 399 2675 magisque
424 2599 459 2656 de
485 2599 634 2662 industria†
656 2601 685 2657 in
708 2600 743 2658 C.
766 2600 908 2674 Oaesare,‡

43 2711 58 2736 ι.
86 2679 120 2736 F.
177 2681 215 2735 At
240 2679 342 2737 iisdem
366 2681 540 2754 temporibus
566 2681 595 2736 iu
622 2681 664 2737 M.
686 2681 804 2747 Scauro,
827 2693 855 2736 et
878 2682 907 2737 in

43 2759 68 2815 l.
91 2759 214 2832 Druso§
240 2758 430 2825 adolescente,
453 2759 605 2834 singularis
632 2762 788 2826 severitas3
817 2759 846 2817 iu
869 2759 906 2816 C.

56 2887 69 2915 *
82 2882 200 2928 Hmntnn.
234 2883 291 2926 This
302 2882 374 2935 word,
383 2882 459 2926 which
469 2883 490 2925 is
501 2884 575 2927 found
586 2883 611 2927 in
624 2885 712 2927 several
729 2886 805 2936 MSS„
818 2883 907 2939 though

43 2937 123 2980 nitted
142 2935 174 2991 by
186 2936 225 2980 the
242 2937 395 2991 Heusingers,
413 2949 490 2980 seems
507 2940 531 2980 to
549 2938 632 2982 render
653 2939 692 2981 the
712 2943 824 2982 sentence
842 2949 907 2981 more

43 3002 217 3142 &magisque
229 3044 256 3087 dc
265 3042 398 3088 industrio.
432 3044 498 3088 More
509 3043 547 3088 thr
558 3045 633 3090 result
645 3043 674 3100 of
684 3043 720 3089 his
733 3055 788 3090 oron
805 3043 907 3100 applica-

54 3155 67 3201 ss
82 3151 109 3196 C.
128 3151 228 3195 Caesare.
262 3153 290 3196 L.
303 3151 407 3199 Crassus.
420 3151 445 3194 L.
457 3151 562 3194 Marcius
579 3151 707 3206 Philippus,
720 3151 767 3194 aud
785 3152 809 3194 C.
821 3151 905 3204 Cesar,

43 3203 151 3248 rrnaured
172 3203 260 3255 Strabo,
273 3216 312 3246 ure
323 3205 354 3247 all
372 3204 458 3248 named
477 3205 501 3247 in
514 3205 580 3248 other
592 3205 698 3254 writings
714 3204 742 3247 of
757 3205 845 3257 Cicero,
857 3205 904 3249 and

43 3261 128 3352 erogat
146 3257 184 3300 the
201 3257 257 3300 time
275 3257 303 3300 of
317 3257 354 3300 his
371 3263 483 3302 entrance
504 3259 553 3301 into
571 3257 651 3312 public
669 3259 716 3312 life,
734 3258 905 3313 distinguished

43 3323 80 3354 rec
98 3323 143 3353 ers.

52 3363 67 3416 ς
83 3363 292 3407 Securo-Druso.
325 3365 359 3407 M.
367 3363 476 3408 AEmilius
485 3365 592 3416 Scaurus,
601 3364 688 3407 named
700 3365 725 3408 iu
734 3364 824 3409 thecae
834 3366 878 3409 cha

43 3428 60 3460 r.
94 3416 223 3460 mervius
241 3417 337 3466 Drusus,
351 3416 437 3467 having
450 3418 566 3472 proposed
579 3430 593 3460 a
610 3418 654 3460 law
672 3418 707 3460 sor
722 3419 852 3474 extending
865 3425 874 3464 t
890 3433 904 3464 o

43 3468 140 3513 lirenshi
176 3469 204 3512 of
219 3471 296 3513 Rome
308 3472 332 3512 to
341 3469 382 3513 her
400 3471 473 3516 allies.
485 3483 534 3514 wes
546 3469 702 3516 assassinated
720 3485 746 3517 as
759 3472 788 3518 he
807 3475 904 3518 entered

43 3535 118 3565 sowo
145 3522 390 3580 conaudiupuhlic.
424 3525 598 3572 aucum
