2054 3946
378 452 502 500 marr.
535 452 656 498 caran
895 457 949 514 127

67 579 124 634 que
141 559 187 617 ha
212 559 328 632 quidem
351 581 443 620 causae
465 560 601 638 diligendi
615 562 808 638 gravissimae:
829 573 949 638 possunt

67 640 146 699 enim
159 652 295 716 preterea
308 660 366 699 non
380 642 464 699 nullae
479 660 543 698 esse
555 641 686 698 leviores.

108 719 199 777 Fides
214 733 308 777 autem
324 732 354 779 ut
366 721 509 787 habeatur,
522 719 630 777 duabus
646 721 728 777 rebus
743 721 817 777 effici
837 731 948 795 potest:

68 799 96 857 si
110 799 339 858 existimabimur
359 799 453 876 adepti
467 801 648 876 conjunctam
669 819 733 856 curn
755 801 866 876 justitia
886 820 951 876 pru·

67 877 208 939 dentiam.
251 879 328 936 Nam
342 889 371 936 et
383 878 419 936 iis
433 879 520 937 fidem
535 881 683 946 babemus,
699 897 770 950 quos
792 879 856 953 plus
872 880 952 937 intel·

67 957 171 1034 ligere,
186 975 271 1028 quam
287 976 349 1025 uos,
365 959 540 1024 arbitramur,
551 976 680 1030 quosque
695 969 723 1014 et
737 957 828 1014 lutura
843 959 952 1034 prospi-

70 1055 137 1097 cere
151 1036 305 1102 credimus,
321 1048 349 1094 et
369 1057 433 1095 cunr
448 1057 493 1095 res
508 1049 605 1113 agatur
619 1038 648 1094 iu
661 1037 871 1109 discrimenque
886 1057 952 1094 ven·

68 1124 132 1175 tum
147 1117 194 1182 sit,
206 1117 343 1191 expedire
357 1135 417 1174 rem
432 1128 461 1174 et
474 1116 625 1173 consilium
647 1136 683 1173 ex
706 1129 831 1192 tempore
851 1135 952 1193 capere

69 1200 188 1272 posse*
229 1195 314 1253 Hanc
337 1197 414 1253 euim
437 1196 534 1252 utilem
560 1196 690 1252 homines
714 1197 887 1263 existimant,
907 1215 954 1252 ve·

69 1293 190 1346 ramque
207 1273 395 1349 prudentiam.
436 1275 528 1331 Justis
549 1289 642 1331 autern
658 1287 685 1331 et
699 1275 763 1331 titiis
779 1276 953 1342 bominibus,

70 1353 102 1414 id
116 1363 162 1410 est
181 1354 264 1410 bouis
279 1354 358 1419 viris,
374 1355 412 1410 ita
425 1354 495 1410 fides
517 1354 660 1421 habetur‚†
680 1367 712 1412 ut
725 1355 801 1411 nulla
814 1356 851 1410 sit
865 1356 893 1411 iu
909 1355 954 1411 his

70 1432 179 1491 fraudis
194 1433 361 1509 iujuriaeque
381 1434 517 1508 suspicio.
560 1433 658 1505 ltaque
680 1434 724 1489 bis
749 1434 868 1490 salutem
890 1453 955 1490 nos-

71 1522 156 1580 uam,
179 1513 224 1569 bis
253 1512 389 1579 fortunas,
413 1513 458 1570 his
492 1513 607 1580 liberos,
631 1513 788 1571 rectissime
817 1514 955 1570 committi

71 1592 250 1649 arbitramur.

115 1670 225 1728 Harum
252 1671 337 1746 igitur
364 1669 482 1727 duarum
504 1670 538 1727 ad
559 1669 645 1726 tidem
667 1669 823 1727 faciendam
846 1671 957 1745 justitia

72 1750 140 1827 plus
153 1751 259 1826 pollet:
282 1750 388 1824 quippe
404 1769 467 1807 cum
482 1769 516 1806 ea
530 1751 591 1807 siue
606 1749 754 1824 prudentia
768 1750 835 1805 satis
858 1750 957 1805 habeat

72 1831 258 1896 auctoritatis,
275 1829 423 1904 prudentia
443 1830 505 1885 sine
523 1829 634 1904 justitia
658 1829 731 1885 nihil
752 1829 843 1885 valeat
864 1827 898 1883 ad
919 1828 958 1884 sa·

73 1909 207 1967 ciendam
223 1909 316 1965 iidem.
360 1908 424 1972 Quo
439 1911 516 1965 euim
532 1908 595 1980 quis
610 1908 750 1964 versutior
770 1921 798 1964 et
818 1906 956 1974 callidior,

74 1989 132 2046 hoc
146 1989 266 2045 invisior
280 1999 308 2044 et
328 1989 496 2062 suspectior,
512 1987 635 2044 detracta
649 1988 783 2062 opinione
798 1987 957 2062 probitatis.

76 2068 268 2134 Quamobrem
294 2067 487 2142 intelligentie
504 2068 616 2142 justitia
641 2067 800 2141 conjuncta,
822 2077 958 2137 quantum

77 2148 163 2213 volet,
179 2147 293 2204 habebit
307 2145 341 2202 ad
356 2146 513 2204 faciendam
529 2146 615 2202 fidem
629 2146 731 2201 virium
745 2165 752 2212 3
770 2146 881 2221 justitia
896 2146 958 2202 sine

76 2225 228 2303 prudentia
247 2226 367 2282 multum
390 2227 512 2301 poterit;
541 2226 602 2281 sine
623 2225 734 2300 justitia
760 2225 832 2282 nihil
855 2226 959 2282 valebit

76 2305 255 2382 prudentiass

78 2432 170 2496 cAP.
192 2435 231 2492 X.
278 2433 359 2504 Quas
386 2453 432 2492 rer
460 2433 652 2501 admiremur,
679 2452 808 2512 quosque
835 2443 959 2492 contem·

460 2531 578 2571 iromus.

119 2627 181 2684 San
196 2646 231 2683 ne
245 2627 308 2698 quis
324 2628 361 2684 sit
375 2627 537 2690 admiratus,
548 2645 606 2694 cur,
619 2646 684 2683 cum
699 2628 770 2684 iuter
783 2646 882 2683 omues
897 2625 960 2702 phi·

76 2707 217 2784 losophos
238 2717 389 2773 constet,a
411 2725 513 2777 meque
528 2706 591 2781 ipso
612 2725 688 2781 saepe
709 2706 882 2781 disputatum
896 2705 959 2778 sit,§

79 2902 85 2912 Ι
113 2855 126 2882 *
139 2848 393 2924 Concdiuſtrcopere3
424 2849 439 2872 “
449 2848 539 2893 Dicitur
549 2861 599 2892 non
611 2849 652 2903 qui
663 2847 766 2892 consulit
776 2847 856 2900 alium,
865 2846 905 2890 sed
918 2845 960 2901 qui

77 2914 130 3016 ,Ὗ
139 2902 415 3016 ffipgupodpprpp'rpiw
427 2903 668 3016 ErTapm.tamologioel
679 2953 824 3015 expression,
835 2951 960 2996 Facciolati

77 3007 165 3059 thinks,
175 3012 263 3051 cannot
279 3007 308 3050 be
326 3009 441 3051 Cicero’s:
460 3008 596 3058 homimum,
609 3007 655 3049 and
667 3018 730 3058 otro,
740 3018 764 3048 in
777 3006 815 3049 tire
827 3017 890 3048 same
908 3017 960 3049 seu·

77 3065 153 3113 tcuce,
161 3062 217 3112 uiso,
225 3072 325 3122 appears
335 3061 474 3115 suspicions.
503 3063 587 3105 Pearce
595 3059 859 3121 wouid'correotjustis
870 3059 960 3120 aulem,

76 3114 104 3159 t'd
113 3114 154 3163 est.
164 3114 228 3159 bonit
239 3114 301 3159 vois.
335 3115 510 3161 “Justitia-cx
522 3126 569 3168 qua
587 3113 640 3155 bour
658 3125 701 3155 vrri
722 3113 898 3165 nominantur‚”
911 3125 927 3156 1.
938 3113 959 3156 7.

76 3168 169 3213 “iusto
181 3166 282 3218 homine,
292 3179 366 3222 eoque
378 3180 449 3221 quem
460 3167 535 3210 virum
549 3168 636 3210 bonum
649 3165 773 3208 dicimus.”
791 3164 806 3207 i.
819 3166 854 3208 10.

111 3220 238 3272 ssmuttm
257 3220 422 3264 mue-ouiabii
438 3220 575 3281 prurientia
609 3219 687 3262 These
707 3217 789 3272 words,
808 3217 877 3273 being
896 3230 959 3265 mere

78 3273 261 3329 repetitionem
273 3273 371 3317 deemed
382 3285 492 3328 spurious
505 3273 535 3327 by
548 3271 635 3326 Bubop
647 3273 740 3315 Pearce.

420 3376 571 3420 CHAPTER
590 3374 621 3418 X.

113 3446 126 3502 §
143 3446 299 3502 reputatam
311 3446 350 3492 rit.
384 3445 535 3499 Particularly
548 3445 621 3488 Tusc.
632 3444 660 3498 Q.
671 3444 687 3489 l.
697 3443 730 3489 iii
741 3445 775 3490 Da
787 3445 840 3492 Flu.
852 3446 893 3493 lib.
904 3459 927 3492 v.
