2054 3946
73 191 126 245 luo
382 184 429 229 os
454 184 641 231 orr1o11s.

70 311 159 367 CAP.
182 311 290 367 XLIV.
323 308 464 367 Studium
490 308 531 368 ed
555 307 722 367 societatem
746 304 942 388 wasereaduur

476 407 546 447 case.

109 503 214 565 Arcen
237 502 287 568 illi,
304 522 424 574 quorum
445 503 539 559 studia
560 503 673 575 vitaque
694 502 790 559 omnis
811 521 841 559 m
862 520 943 559 reru·

70 583 232 656 cognitione
253 594 363 638 versata
383 594 436 649 est,
459 592 554 639 tamen
578 584 611 639 ab
639 582 778 657 augendis
806 581 946 639 hominnm

70 662 237 717 utilitatibus
266 675 294 717 ct
321 662 479 719 commodis
508 681 566 719 non
591 672 780 719 recesserunt.
824 660 900 717 Nam
923 668 946 717 et

70 741 252 797 erudiverunt
279 741 393 808 multos,
416 761 473 813 quo
503 742 635 798 meliores
663 741 741 797 cives
769 741 946 813 utilioresque

70 822 153 877 rebus
176 821 235 876 suis
257 820 379 895 publicis
400 832 512 877 essent:
535 830 567 877 ut
587 821 758 877 Thebanum
780 820 948 897 Epaminon·

70 900 133 956 dam
150 900 256 974 Lysis*
273 900 482 975 Pythagoreus,
498 900 683 975 Syracusium
701 898 844 963 Dioncmi
864 900 947 963 Phe,

72 980 210 1051 multique
232 979 356 1035 multos:
379 998 490 1049 nosque
513 981 578 1054 ipsi,
594 978 732 1051 quidquid
747 977 785 1035 ad
804 978 948 1055 rempubli-

71 1078 133 1115 cam
155 1059 310 1124 attulimus,
329 1058 365 1135 (si
387 1058 471 1115 modo
494 1059 600 1130 aliquid
616 1056 773 1136 attulimus)
796 1078 813 1115 a
838 1056 949 1115 doctori·

70 1140 123 1195 bus
145 1149 227 1208 atque
249 1138 375 1195 doctrina
389 1138 534 1212 instructiss
553 1139 588 1195 ad
602 1158 675 1205 eam,
690 1150 718 1194 et
732 1139 826 1195 ornati
839 1136 949 1195 accessi·

74 1236 148 1273 mus.

114 1296 216 1367 Neque
229 1297 322 1353 solum
334 1297 391 1353 vivi
405 1306 488 1369 atque
502 1307 656 1372 praesentes
668 1295 814 1354 studiosos
830 1292 948 1354 discendi

72 1375 203 1432 erudiunt
217 1386 299 1449 atque
312 1376 424 1443 docent,
435 1376 485 1432 sed
500 1378 556 1433 hoe
570 1376 645 1433 idem
658 1376 743 1431 etiam
757 1384 948 1451 postmortem

71 1456 263 1513 monumentis
284 1458 427 1513 literarum
449 1466 647 1528 assequuntur.
692 1455 757 1512 Nec
778 1455 859 1513 enim
878 1455 948 1521 locus

71 1535 146 1592 ullus
174 1537 381 1610 praetermissus
410 1545 454 1591 est
480 1537 513 1591 ab
535 1537 582 1603 iis,
601 1536 650 1607 qui
674 1534 709 1592 ad
736 1535 830 1611 leges,
854 1530 949 1609 quiad

71 1634 176 1680 mores,
198 1616 246 1686 qui
273 1615 307 1671 ad
333 1615 512 1689 disciplinam
537 1616 699 1691 reipublicae
722 1615 897 1690 pertineret;
923 1622 950 1671 ut

72 1695 162 1750 otium
192 1713 275 1750 snum
300 1693 334 1750 ad
362 1706 490 1751 nostrum
519 1696 664 1771 negotium
698 1694 857 1751 contulisse
884 1690 948 1749 vidc-

73 1775 180 1847 antur.§
234 1773 276 1829 lta
303 1774 344 1830 illi
372 1775 428 1849 ipsi
456 1773 594 1831 doetrinae
624 1774 724 1830 studiis
752 1785 781 1830 et
812 1770 948 1849 sapientie

73 1852 170 1918 dediti,
197 1851 229 1908 ad
264 1853 411 1909 hominum
445 1855 593 1911 utilitatem
627 1873 707 1910 suam
740 1852 947 1931 intelligentiam

73 1931 307 2007 prudentiamque
341 1933 521 2008 potissimum
555 1934 712 1991 conferunt.
763 1933 811 1991 Ob
839 1947 948 2005 eamque

73 2029 187 2067 causam
212 2012 307 2082 eloqui
330 2013 456 2087 copiose,
475 2013 561 2070 modo
589 2012 750 2088 prudenter,
773 2013 879 2069 melius
903 2020 947 2075 est,

74 2109 160 2161 quam
184 2091 229 2146 vel
255 2092 416 2148 acutissime
443 2092 504 2148 sine
530 2092 693 2164 eloquentia
714 2093 859 2168 cogitare:
882 2086 949 2163 quod

74 2170 207 2244 cegitatio
235 2170 264 2226 in
291 2189 323 2226 se
349 2172 410 2245 ipsa
429 2173 554 2238 vertitur,
570 2172 732 2243 eloquentia
760 2170 949 2247 complectitur

75 2268 134 2315 coe,
152 2250 318 2320 quibuscum
334 2251 535 2307 communitate
547 2252 639 2327 juncti
654 2269 765 2307 sumus.

113 2330 206 2399 Atque
221 2338 252 2383 ut
265 2330 361 2403 apium
376 2331 508 2385 examina
530 2350 586 2387 nen
607 2329 809 2404 fingendorum
830 2329 949 2387 favorum

75 2426 160 2463 eausa
174 2418 388 2483 congregantur,
400 2409 460 2474 sed,
472 2429 536 2466 cum
552 2410 763 2484 congregabilia
777 2420 879 2467 natura
890 2409 949 2473 sint,

75 2488 185 2562 tingunt
206 2487 302 2543 savos:
326 2489 367 2543 sic
382 2488 524 2555 hominesr,
540 2509 571 2545 ae
587 2489 677 2544 multo
691 2489 777 2544 etiam
794 2490 897 2565 magis,
910 2506 950 2545 na·

74 2577 136 2623 tura
159 2567 331 2643 congregati,
354 2566 488 2624 adhibent
512 2568 613 2644 agendi
637 2567 841 2644 cogitandique
864 2568 952 2625 soller-

390 2696 541 2740 CHAPTER
557 2697 643 2740 XLIV.

109 2772 121 2799 *
134 2765 208 2821 Lyris.
242 2768 263 2809 A
273 2765 351 2808 native
359 2766 387 2808 of
395 2767 531 2810 'Parentum
566 2767 616 2810 The
624 2767 708 2820 goldcn
718 2779 797 2811 versas
806 2780 848 2812 ere
856 2760 950 2811 aserim

76 2825 99 2863 to
110 2819 165 2863 him.
178 2818 254 2862 which
267 2831 323 2872 pmis
335 2819 411 2862 under
423 2818 461 2862 the
474 2832 544 2863 name
558 2820 585 2863 ot
595 2820 630 2862 his
642 2825 736 2863 master.

108 2872 244 2927 wionem.
278 2873 463 2915 Brother-in-law
480 2873 507 2914 of
520 2874 558 2917 the
576 2874 639 2916 elder
651 2872 794 2926 Dionysius:
811 2873 842 2918 he
853 2868 951 2929 expelled

76 2924 114 2968 the
126 2938 233 2979 younger
245 2925 304 2967 from
316 2927 438 2978 Syracuse.
473 2927 543 2970 Corn.
554 2929 583 2970 N.
596 2927 620 2969 iu
633 2927 695 2969 Vita.

109 2978 244 3039 tlDoctrtnu
255 2977 369 3039 instructi.
403 2979 485 3023 Cicero
497 2981 563 3023 takes
576 2980 686 3034 frequent
697 2979 821 3023 occasions
830 2984 856 3025 to
865 2986 951 3035 expre!

76 3032 191 3127 {ratperto
203 3036 226 3092 to
238 3031 274 3074 hrs
285 3036 429 3076 instructore.
463 3035 551 3078 Orate.
563 3032 596 3076 iii.
629 3035 664 3077 Dc
675 3034 728 3078 Nat.
738 3034 768 3077 D.
778 3034 795 3077 l.
805 3033 883 3079 i.c.3.
913 3032 950 3077 Ρη

100 3095 123 3127 rc
140 3097 178 3129 .c.
190 3097 220 3127 vr.

107 3135 120 3189 §
135 3137 413 3184 maritimevereantur.
449 3138 815 3194 Thenghthcqttcmaelrcelieed
825 3137 950 3196 inprime

63 3187 128 3234 tdrr'r
137 3190 219 3248 (ffcrts
231 3203 293 3238 were
304 3193 405 3240 directed
417 3192 476 3251 lusit
489 3193 562 3239 others
572 3190 609 3247 fur
621 3205 637 3237 u
647 3192 719 3247 titeof
730 3193 833 3248 uentu.
