2054 3946
98 210 136 263 61
416 201 464 245 uu
487 200 660 246 orr1c11s.

100 341 190 400 CAP.
206 342 319 401 XXIII.
362 342 565 401 Fortitudinis
579 340 686 400 bellicae
707 341 823 419 officio.-
845 358 974 401 arceretu-

189 421 260 480 ctum
275 440 378 500 corpus
393 431 426 479 ut
441 422 563 481 consitio
579 422 744 497 rationique
758 421 886 479 obediat.

139 534 262 591 Ouuruo
277 534 346 591 illud
362 535 523 602 honestum,
534 534 610 607 quod
620 553 656 591 ex
666 540 761 591 animo
773 535 891 592 excelso
902 552 974 611 mag·

99 614 241 685 nificoque
257 614 419 685 querimus,
436 616 524 672 animi
538 615 668 681 efficitur,
685 633 741 670 non
763 614 893 691 corporis
914 615 975 672 viri·

100 711 162 749 uus·
204 693 406 750 Exercendum
421 704 515 750 tamen
525 713 628 769 corpus
640 706 669 750 et
683 694 720 749 ita
732 692 915 751 afficiendum
925 706 974 760 est,

99 783 130 829 ut
144 772 258 829 obedire
273 773 393 829 consilio
405 774 563 844 rationique
578 774 671 849 possit
684 774 714 829 in
728 772 922 844 exsequendis
930 792 975 831 ne-

100 852 195 926 godis,
220 862 248 908 et
268 851 298 908 in
318 853 414 908 labore
436 852 590 909 tolerando.
633 853 796 910 Honestum
820 862 916 909 autem
938 851 974 918 id,

100 931 176 1002 quod
190 932 377 1003 exquirimus,
394 941 483 988 totum
499 942 542 988 est
556 932 682 1007 positum
703 932 732 987 in
754 931 843 987 animi
864 950 933 989 cura
950 945 976 989 et

100 1011 286 1085 cogitatione:
309 1011 339 1066 in
361 1030 417 1081 quo
437 1030 495 1067 non
515 1012 654 1068 minorem
676 1012 825 1067 utilitatem
846 1010 976 1079 afferunt,

100 1091 150 1160 qui
163 1090 250 1164 togati
264 1091 426 1165 reIpublicae
440 1099 574 1166 praesunt,
588 1110 672 1162 quarn
686 1091 734 1162 qui
749 1090 857 1147 bellum
868 1102 976 1167 gerunt.

100 1169 198 1240 ltaque
214 1187 310 1225 eorum
326 1170 446 1227 consilio
461 1172 538 1244 sae'pe
553 1181 601 1226 aut
621 1189 679 1227 non
693 1180 836 1244 suscepta,
853 1180 903 1227 aut
915 1190 977 1227 con·

100 1247 173 1304 fecta
187 1249 347 1315 hettaeum,
364 1269 577 1320 nonnumquam
598 1251 683 1306 etiam
704 1250 796 1306 illata:
818 1259 851 1305 ut
865 1250 911 1307 M.
926 1248 978 1307 Ca·

100 1329 204 1394 tonis*
219 1328 325 1384 bellum
339 1330 451 1385 tertium
466 1329 624 1397 Punicum
647 1330 677 1386 in
692 1348 749 1401 quo
767 1329 854 1385 etiam
877 1330 978 1387 mortui

101 1408 189 1464 valuit
203 1409 363 1464 auctoritas.

139 1487 233 1553 Quare
247 1486 406 1563 expetenda
417 1486 532 1559 quidem
547 1488 638 1564 magis
650 1496 695 1544 est
715 1486 887 1545 decernendi
898 1487 977 1554 ratio,

100 1585 184 1638 quam
206 1566 367 1623 decertandi
387 1567 539 1624 fortitudo:
563 1568 613 1623 sed
634 1567 802 1633 cavendum,
817 1586 855 1625 ne
876 1567 907 1624 id
924 1567 978 1625 bel·

98 1646 176 1703 Iandi
203 1648 293 1722 magis
321 1646 397 1722 suga,
425 1665 509 1718 quarn
536 1647 665 1704 utilitatis
696 1648 803 1704 ratione
831 1647 977 1705 suciamus.

99 1726 212 1782 Bellum
233 1736 327 1782 autem
348 1727 387 1782 ita
407 1726 587 1800 suscipiatur,
604 1737 633 1783 ut
653 1726 725 1783 nihil
746 1725 834 1794 aliud,
849 1726 908 1784 nisi
925 1743 978 1803 pax

99 1806 219 1876 quaesita
239 1805 375 1862 videatur.
417 1806 511 1864 Fortis
533 1826 600 1862 vero
621 1815 650 1861 et
670 1806 826 1862 constantis
847 1816 903 1873 est,
924 1822 977 1863 non

99 1885 255 1959 perturbari
267 1886 297 1940 in
311 1886 394 1941 rebus
407 1886 526 1960 asperis.
542 1905 594 1942 nec
609 1885 826 1941 tumultuantem
842 1884 879 1941 de
894 1883 978 1961 gradu
1018 1936 1021 1945 .

99 1962 210 2039 dejicI‚†
223 1973 255 2019 ut
268 1963 387 2030 dicitur;
408 1964 458 2020 sed
473 1966 605 2040 prasenti
619 1965 715 2022 animo
736 1964 777 2021 uti
797 1973 827 2020 et
846 1964 977 2031 consilio,
1019 1996 1021 2001 ·

99 2061 152 2099 nec
168 2043 304 2100 aratione
319 2043 475 2100 discedere.

139 2122 319 2193 Quamquam
341 2123 396 2178 hoc
417 2124 515 2189 animi,
537 2123 623 2196 illud‡
643 2124 728 2180 etiam
750 2123 859 2199 ingenii
884 2120 978 2199 magni

99 2210 153 2267 est,
168 2204 321 2277 praecipere
337 2203 506 2277 cogitatione
521 2202 622 2270 futura,
636 2213 663 2259 et
678 2203 822 2275 aliquanto
837 2212 903 2259 ante
915 2220 979 2261 con·

99 2281 225 2346 stituere‚
242 2280 310 2352 quid
330 2281 457 2338 accidere
478 2283 571 2357 possit
590 2284 620 2339 in
641 2293 789 2354 utramque
811 2293 933 2358 partem,
953 2292 980 2339 et

99 2360 161 2432 quit
175 2361 315 2437 agendum
330 2362 377 2428 sit,
394 2380 458 2418 cum
474 2361 542 2433 quid
557 2363 702 2430 evenerit;
724 2381 776 2419 nec
791 2363 978 2427 committere,

408 2519 560 2564 CIIAPTER
579 2519 663 2564 XXIII

132 2608 145 2637 ⁸
164 2604 264 2651 cuono.
299 2603 422 2648 Subintell.
440 2604 544 2649 consilto.
578 2605 692 2655 alluding
709 2607 733 2647 to
753 2602 790 2646 his
801 2602 939 2647 convictIon
950 2603 976 2649 ot

99 2657 137 2703 the
147 2659 209 2712 pclic
235 2659 263 2700 os
270 2657 406 2710 destroyinrr
417 2658 538 2718 Carthago.
550 2658 627 2719 wluclr
640 2670 689 2718 was
701 2669 727 2700 so
737 2657 809 2718 ouen·
818 2658 981 2719 pronounoetl‚

98 2712 179 2755 undas
190 2670 254 2754 otlen
268 2711 374 2765 opposed
387 2710 418 2763 by
431 2711 509 2771 Scipio
522 2713 615 2755 Nasica.
650 2711 710 2753 Vide
728 2710 787 2753 Plut.
804 2723 828 2753 rn
847 2712 912 2771 ⁴Vrtu.
925 2710 982 2754 Vell.

98 2765 186 2808 Patere.
199 2764 237 2807 tib,
248 2764 291 2807 i.c.
307 2766 342 2808 13.
376 2764 428 2806 The
446 2764 506 2807 tlurd
521 2766 596 2807 Punic
609 2776 658 2806 war
669 2776 719 2806 was
730 2768 773 2805 not
786 2763 965 2809 terminamus

98 2817 142 2913 tclret
148 2817 292 2862 destructIon
302 2819 330 2861 of
338 2817 460 2871 Carthago,
466 2817 500 2861 till
512 2817 584 2861 about
594 2817 657 2861 three
670 2829 739 2872 years
750 2817 809 2860 aiter
820 2816 862 2860 the
873 2816 945 2861 death
951 2773 981 2861 oI

118 2882 163 2913 ao.

130 2922 146 2980 γ
165 2925 200 2967 De
216 2924 294 2978 grute
312 2922 389 2978 drjlct‘.
424 2923 444 2966 A
464 2923 586 2978 metaphor
604 2924 675 2966 taken
694 2923 752 2966 trum
774 2921 814 2965 tlte
836 2920 982 2977 gladiatorinl

98 2976 208 3020 combuts
245 2978 313 3022 Stura
334 2979 361 3021 tu
382 2977 470 3029 gradu.
487 2980 510 3019 to
528 2977 597 3019 stand
615 2977 693 3031 firmly
712 2976 738 3020 in
756 2975 793 3019 his
810 2976 934 3031 position3
955 2976 981 3021 de

100 3030 178 3083 gradu
190 3029 265 3082 uejnt.
277 3031 367 3084 depelli,
381 3030 468 3073 urourri
475 3049 484 3080 ,·
506 3034 529 3073 to
542 3030 590 3073 lose
603 3030 703 3084 ground.

131 3085 144 3127 ὲ
161 3081 312 3127 rinc-irtus.
347 3086 395 3128 Hoc
407 3083 478 3125 refers
496 3087 519 3127 to
536 3083 573 3126 the
585 3083 659 3131 verbs,
669 3094 717 3127 non
733 3082 874 3136 perturbari
889 3093 932 3129 rtet
948 3082 982 3127 tle

67 3164 72 3171 ·
90 3130 156 3183 sict·
173 3134 242 3192 illud,
255 3141 280 3182 to
288 3138 423 3195 praecipue,
434 3136 484 3182 and
493 3137 534 3182 tlte
545 3135 615 3181 uerus
622 3136 753 3189 lollcumg.
