2054 3946
25 25 959 259 u

350 489 422 537 ΗΒ.
440 490 474 535 11.
508 489 586 535 CAP.
604 491 682 538 XIX.
900 497 952 553 147

68 598 192 657 honeste
212 617 299 675 posse
319 599 440 657 multum
454 599 580 666 volnus*
602 619 653 676 per
672 601 800 676 hospites
816 600 891 675 apud
904 621 953 658 ex·

69 690 168 736 ternos
189 679 311 755 populos
327 679 420 735 valere
434 680 536 755 opibus
551 692 579 736 et
592 681 689 755 gratia.
733 681 953 754 Theophrastus

68 758 186 831 quidem
201 759 308 824 scribit,
325 757 478 815 Cimonem
493 759 613 816 Athenis
629 759 729 820 etiami
753 760 781 816 in
797 779 865 816 snos
881 763 953 816 curi-

69 837 129 895 ales
144 837 298 912 Laciadasss
312 837 482 912 hospitalem
496 838 593 895 luisse.
637 838 680 896 lta
693 839 768 896 eninr
783 840 952 904 instituisse,

69 927 100 973 et
113 917 217 974 villicis
231 918 429 992 imperavisse,
444 927 475 973 ut
489 918 585 974 omnia
606 920 808 992 preberentur,
824 921 955 991 quicom-

70 1014 127 1067 qne
141 995 280 1054 Laciades
296 998 325 1053 in
340 997 436 1053 villam
450 1015 530 1054 suam
546 996 735 1054 devertisset..

70 1156 162 1215 CAP.
177 1156 261 1214 XIX.
288 1154 431 1226 Quanam
451 1155 544 1232 ‹fflcta
565 1155 626 1212 sint
646 1155 829 1215 observanda
842 1155 888 1214 titt
903 1155 953 1234 qui

287 1237 372 1313 operti
388 1235 529 1313 benejacan
543 1234 669 1292 daturus
684 1242 736 1292 eat.

111 1348 188 1414 Qum
203 1357 296 1405 autem
316 1367 413 1423 opera,
429 1367 485 1404 non
509 1348 668 1424 largitione,
684 1349 821 1405 beneficia
843 1349 953 1417 dantur,

70 1427 134 1485 haec
148 1439 208 1483 tutu
229 1428 259 1484 in
284 1428 443 1484 universam
465 1427 679 1502 rempublicam,
694 1439 753 1485 tum
775 1430 804 1485 in
825 1429 954 1503 singulos

70 1503 150 1563 cives
164 1506 354 1564 conferuntur.
398 1507 474 1563 Nam
495 1507 525 1563 in
541 1507 606 1582 jure
622 1509 748 1581 cavere,§
770 1509 891 1564 consilio
908 1509 955 1584 jn·

71 1604 149 1653 vare,
159 1597 243 1657 atque
256 1587 312 1644 hoc
321 1587 446 1642 scientiae
456 1604 558 1661 genere
572 1585 707 1661 prodesse
718 1607 802 1659 quarn
813 1588 954 1663 piurimis,

71 1665 256 1722 vehementer
269 1678 297 1723 et
310 1665 344 1721 ad
360 1684 429 1741 opes
440 1666 581 1741 augendas
597 1667 728 1741 pertinet,
741 1679 769 1723 et
780 1668 813 1722 ad
825 1668 954 1742 gratiam.

70 1744 172 1817 ltaque
187 1764 251 1801 curn
266 1745 354 1802 multa
369 1745 502 1820 praeclara
516 1747 666 1822 majorum,
682 1756 741 1803 tum
756 1747 831 1817 quod
847 1747 955 1820 optime

71 1824 219 1881 constituti
239 1824 314 1900 juris
335 1826 428 1883 civilis
453 1844 565 1882 summo
586 1844 701 1899 semper
722 1826 751 1880 in
772 1825 880 1881 honore
902 1824 956 1881 fuit

70 1903 199 1979 cognitio
220 1916 303 1976 atque
318 1905 528 1980 interpretatio:
552 1922 637 1976 quam
659 1903 775 1975 quidem
798 1914 861 1960 ante
884 1904 956 1960 hane

71 1983 272 2041 confusionem
294 1992 452 2059 temporum
474 1984 504 2039 in
526 1984 709 2058 possessione
732 2003 784 2040 sua
809 1984 955 2059 principes

72 2062 268 2119 retinuerunt:
301 2082 376 2128 nunc
404 2073 434 2119 ut
462 2062 595 2129 honores,
623 2073 653 2119 ut
683 2082 783 2120 omnes
811 2063 956 2138 dignitatis

72 2141 188 2218 gradus,
204 2143 245 2198 sie
265 2142 350 2217 hujus
365 2141 490 2198 scientiae
506 2141 641 2217 splendor
661 2143 770 2199 deletus
785 2153 846 2198 est:
870 2142 956 2214 idque

72 2239 109 2277 eo
131 2221 285 2297 indignius,
300 2221 374 2293 quod
400 2239 434 2277 eo
461 2230 587 2296 tempore
612 2222 668 2279 hoc
692 2222 820 2297 contigit,
844 2241 909 2278 cum
932 2223 955 2278 is

72 2301 173 2368 essenii
196 2301 245 2372 qui
260 2319 358 2358 omnes
373 2301 546 2375 superiores,
563 2301 665 2372 quibus
680 2301 788 2358 honore
803 2320 854 2376 par
869 2315 956 2366 essct,

107 2472 230 2517 *Honeste
244 2484 312 2527 posse
325 2472 432 2518 muitum
446 2472 536 2518 coturni.
573 2473 632 2518 Wio
642 2474 695 2518 sectr
707 2474 731 2520 io
741 2473 822 2519 obtule
835 2484 917 2528 power
928 2473 957 2529 by

73 2525 216 2572 honentatis
225 2537 317 2569 avienus.

107 2578 232 2634 Milesii
249 2578 327 2623 eitum.
361 2576 464 2630 Though
487 2577 525 2621 the
545 2580 614 2622 Mss.
633 2591 723 2642 appear
740 2579 843 2623 uniform
865 2579 891 2622 in
911 2579 957 2623 this

72 2632 178 2686 reading,
187 2632 225 2674 the
237 2633 380 2686 Heusingers
389 2632 468 2674 would
480 2633 537 2674 aiter
547 2636 571 2674 to
582 2632 757 2676 Aveniensem.
789 2633 849 2677 This
857 2645 958 2687 appears

74 2696 242 2739 unnecessary.
277 2686 357 2729 Cicero
367 2685 412 2728 had
425 2685 603 2728 recommendati
617 2686 655 2728 the
665 2686 768 2747 practice
780 2687 808 2728 of
822 2685 956 2740 hospitatur

73 2744 98 2782 to
109 2737 254 2791 foreigners:
272 2738 300 2782 he
319 2739 433 2794 proceeds
444 2744 468 2780 to
480 2738 574 2781 observe
585 2738 635 2782 that
644 2740 736 2788 Cimon,
749 2744 772 2780 nt
783 2738 882 2790 Athens,
894 2749 959 2780 exer·

72 2791 137 2836 cised
150 2791 200 2835 tirnt
210 2790 283 2834 virtue
295 2804 355 2835 even
365 2791 466 2834 towards
479 2789 514 2833 ins
526 2797 627 2846 country
640 2793 790 2844 neighbours.

107 2849 119 2895 ss
132 2844 256 2888 Laciadas.
291 2846 363 2886 naria
373 2858 421 2887 was
433 2843 536 2897 sviiiage
548 2856 574 2887 or
586 2845 672 2890 irurniet
684 2848 707 2889 in
720 2845 806 2896 Attica,
814 2844 873 2886 from
880 2841 958 2885 wiricir

74 2908 121 2940 one
133 2896 161 2940 of
173 2897 212 2940 tire
225 2894 295 2948 δῆμοι,
307 2909 333 2940 or
343 2897 502 2941 subdivisione
514 2897 541 2940 of
556 2897 585 2940 its
596 2901 711 2954 territory,
722 2897 825 2942 received
839 2896 867 2939 its
878 2899 959 2950 appel·

74 2950 155 2993 istion.
190 2949 222 2992 (if
235 2948 299 2993 tirese
317 2951 381 2994 there
393 2964 454 2994 were
469 2952 518 2997 174,
530 2953 661 3005 compriseri
680 2954 704 2996 in
720 2955 746 2996 12
764 2949 838 2999 φυλαί.
872 2949 902 2992 ln
920 2949 959 2993 rna

73 3003 141 3047 tenth
153 3002 181 3046 of
191 3002 263 3054 these,
275 3006 301 3057 τῇ
313 3004 369 3057 φυλῇ
382 3004 476 3056 Οἰνηΐὸι,
488 3015 538 3046 was
549 3004 588 3047 the
601 3008 674 3048 nanta
685 3009 763 3056 Δῆμος.

397 3135 549 3179 CHAPTER
570 3135 635 3178 XIX.

108 3221 123 3274 ς
137 3220 167 3264 io
179 3219 241 3275 jure
252 3230 344 3264 eccere:
361 3219 489 3264 meonduet
510 3220 547 3264 tlte
566 3219 654 3275 deferrer
665 3218 695 3274 (ff
707 3231 723 3262 u
737 3218 852 3263 low-suli.
886 3219 900 3264 J
903 3217 960 3262 uris·

72 3273 176 3318 consulti
189 3273 240 3316 aliis
249 3274 335 3326 euveni,
343 3285 398 3316 cnm
408 3273 456 3316 suis
465 3273 590 3316 clientibus
601 3285 628 3315 en
641 3272 792 3326 respondent,
800 3271 886 3326 quibus
895 3272 960 3315 dam·

74 3339 135 3371 num
148 3326 244 3380 aliquod
256 3327 362 3370 futurum
375 3325 464 3368 amoliri
478 3327 578 3380 possint.
613 3326 745 3370 Facciointi.

110 3379 119 3433 Ι
136 3382 199 3425 Cum
216 3379 236 3423 tr
250 3380 313 3440 casei.
347 3379 441 3422 Servius
459 3379 578 3433 Sulpicius
595 3380 679 3430 Rufus,
692 3377 774 3422 consul
792 3379 858 3422 A.U.
867 3379 892 3422 C.
903 3379 961 3432 7023

74 3445 106 3477 sn
126 3433 233 3476 eminent
243 3433 407 3528 puriseonsult,
419 3432 439 3474 is
450 3433 570 3493 supposed
582 3436 606 3475 to
618 3433 645 3493 be
657 3433 696 3476 tire
708 3443 794 3487 person
807 3432 861 3476 here
874 3438 961 3476 meant.

79 3491 106 3532 n.
118 3486 207 3532 Gellius
221 3486 248 3542 (ir
264 3486 389 3540 .li.c.10)
403 3485 488 3540 speaks
500 3486 527 3528 os
535 3485 571 3529 ins
581 3491 657 3530 nrorrt.

977 3592 996 3719 i
