2054 3946
83 193 120 247 00
400 185 447 231 oa
471 185 647 231 orrrcrrs.

82 294 198 367 quidem
213 314 266 352 nec
280 295 359 352 anxii
373 294 458 351 futuri
473 305 548 361 sunt,
562 305 667 351 etcum
681 293 817 369 gravitate
833 302 964 351 constan·

83 376 176 447 tiaque
199 376 309 431 victuri.
352 374 423 439 Quae
450 374 576 430 faciliora
599 383 665 430 sunt
685 373 879 449 philosophie,
907 390 963 445 quo

83 456 177 511 minus
192 455 281 510 multa
295 463 392 529 patent
405 455 434 510 in
456 472 554 509 eorum
570 454 637 514 vita.
653 472 716 525 quae
736 453 850 509 fortuna
871 452 962 519 feriat,

84 543 113 589 et
126 553 182 606 quo
197 536 292 590 minus
308 534 404 589 multis
425 534 509 589 rebus
524 544 628 608 egent:
651 544 680 589 et
699 533 776 603 quia,
791 533 817 587 ei
834 532 905 604 quid
919 531 963 589 ad·

83 614 158 670 versi
173 615 294 679 eveniat,
310 623 365 668 tam
381 613 501 687 graviter
515 612 614 668 cadere
635 631 693 670 non
713 622 844 686 poscunt.
888 610 963 677 Quo·

84 693 159 749 circa
172 712 230 750 non
252 694 314 748 sine
335 711 421 748 causa
435 693 556 767 majores
574 702 669 748 motus
689 691 850 748 animorum
871 690 963 748 couci·

85 782 186 839 tantur,
203 774 366 848 majoraque
387 771 553 827 efficienda*
569 772 772 847 rempublicam
788 771 961 846 gerentibue.

85 870 170 924 quam
186 853 310 922 quietis;
333 870 390 923 quo
406 851 495 926 magis
517 850 562 907 his
583 861 612 906 et
632 849 797 927 magnitudo
818 860 865 906 est
878 850 961 913 animi

85 931 253 998 adhibenda,
269 942 298 986 et
311 931 434 986 vacuitas
450 932 483 987 ab
499 931 661 1006 angoribus.

124 1011 168 1067 Ad
190 1030 249 1067 rem
271 1009 422 1085 gerendam
444 1019 537 1066 autem
559 1011 608 1082 qui
630 1008 747 1075 accedit,
762 1018 872 1076 caveat,
886 1026 923 1067 no
936 1006 961 1065 id

85 1090 171 1146 modo
186 1090 355 1155 consideret,
370 1108 455 1160 quam
470 1090 519 1144 illa
531 1108 577 1146 res
592 1090 712 1146 honesta
731 1089 779 1151 sit,
794 1088 848 1145 sed
869 1090 962 1157 etiam,

86 1181 117 1226 ut
131 1169 232 1225 lrabeat
245 1168 386 1225 efficiendi
401 1169 572 1225 facultatem.
615 1168 648 1225 Iu
663 1188 720 1241 quo
735 1169 800 1242 ipso
821 1166 962 1225 consider·

86 1249 190 1306 andum
206 1259 259 1315 cst,
275 1268 310 1304 ne
325 1259 373 1304 aut
387 1258 492 1304 temere
507 1247 648 1323 desperet,
663 1258 779 1324 propter
799 1248 961 1323 ignaviam:

87 1338 135 1385 aut
148 1329 234 1384 nimis
256 1328 388 1393 confidat,
410 1336 526 1402 propter
546 1328 739 1403 cupiditatem.
782 1326 817 1383 ln
832 1328 962 1384 omnibm

87 1418 180 1465 autem
196 1408 328 1483 negotiis,
345 1408 424 1481 prius
446 1425 530 1479 quam
552 1407 726 1484 adgrediare,
741 1406 906 1464 adhibenda
923 1416 963 1463 ert

86 1489 253 1563 praeparatio
268 1487 399 1562 diligens.

88 1632 177 1689 CAP.
194 1630 292 1688 XXII.
316 1629 354 1688 In
368 1629 454 1686 reduc
469 1628 583 1697 erduic,
598 1628 645 1687 uel
652 1629 737 1706 puciu
749 1627 796 1688 uel
808 1627 889 1697 delli,
903 1644 963 1687 cott-
1005 1652 1007 1665 ¹

126 1711 200 1787 apici
229 1709 324 1767 animi
347 1708 597 1785 magnitudinem.
639 1708 829 1767 Domesticuo
839 1702 963 1789 sortilo-

127 1790 210 1847 dincc
225 1808 285 1846 non
297 1787 452 1869 inferiores
468 1806 528 1845 crae
542 1788 735 1846 militaribus.

128 1902 190 1958 Sao
212 1902 426 1977 complerique
448 1902 615 1958 arbitrentur
639 1921 684 1958 res
704 1902 822 1959 bellicas
843 1918 963 1978 majoret

87 1999 151 2037 esse
175 2000 259 2051 quam
273 1983 405 2047 urbanas,
423 1981 588 2042 minuendal
602 1991 646 2037 est
659 1981 720 2039 haec
735 1981 845 2056 opinio.
881 1980 963 2039 Multi

87 2061 164 2117 cuim
179 2061 253 2116 bella
267 2080 342 2136 saepe
354 2062 527 2133 quaesierunt
541 2070 656 2136 propter
665 2061 760 2136 glorior
770 2060 963 2135 cupiditatem.

86 2143 181 2211 Atque
209 2139 238 2196 id
266 2140 295 2196 in
322 2141 433 2216 maguis
463 2141 564 2196 animis
592 2142 772 2215 ingeniisque
797 2141 964 2215 plerumque

87 2220 235 2294 contingit,
252 2238 342 2290 eoque
365 2221 466 2294 magia,
482 2220 506 2275 si
521 2229 588 2276 sitiit
602 2221 635 2275 ad
651 2239 711 2276 rem
731 2221 887 2277 militarem
910 2218 964 2295 apti

86 2309 115 2354 et
129 2299 225 2374 cupidi
245 2300 384 2355 bellorum
407 2299 605 2375 gerendorum.
648 2300 724 2355 Vere
739 2309 835 2356 autem
850 2302 875 2357 ai
891 2298 964 2357 volu·

86 2397 150 2435 mus
174 2378 314 2455 judicare,
337 2380 431 2435 multu
453 2398 498 2435 res
519 2379 688 2435 exstiterunt
707 2380 822 2436 urbanae
844 2378 964 2457 majorca

86 2458 286 2530 clarioresque,
302 2478 385 2529 quam
401 2458 520 2531 bellicae.
1005 2508 1007 2517 .

125 2538 265 2604 Quamvis
289 2539 364 2594 enim
386 2537 598 2594 Themistocles
621 2538 686 2613 jure
715 2536 855 2604 laudetur,
881 2548 912 2595 et
932 2536 965 2595 cit
1004 2526 1007 2611 l

85 2618 147 2692 ojus
162 2636 279 2683 nomen,
295 2637 381 2688 quam
403 2617 529 2683 Solonis,
545 2618 694 2682 illustriuS,
709 2618 869 2688 citcturque
891 2616 966 2675 Sala·

85 2696 139 2753 mis
155 2696 320 2753 clarissimae
336 2698 414 2752 testis
432 2697 565 2763 victoriae,
575 2715 637 2768 quae
648 2708 836 2772 anteponatur
846 2696 965 2755 coneilio

119 2878 132 2906 *
143 2875 167 2919 Ε
192 2873 284 2918 dendo.
317 2871 442 2929 Majorque
454 2883 510 2916 cure
521 2871 646 2925 efficiendi,
658 2871 678 2914 is
689 2871 728 2915 the
745 2870 846 2970 readindu
858 2870 933 2917 found
942 2870 965 2915 tr

84 2938 165 2970 severa
183 2929 265 2976 MSS.3
283 2930 326 2970 not
337 2926 494 2981 disupprovcd
510 2923 542 2981 by
554 2927 576 2971 J.
588 2926 623 2970 M.
635 2923 777 2981 Heusinger,
790 2936 821 2969 an
856 2924 965 2971 admittat

84 2978 135 3022 into
148 2979 185 3022 mc
197 2984 247 3024 text
258 2979 288 3034 by
301 2979 431 3025 Gernhard.

401 3083 554 3130 CHAPTER
570 3082 649 3128 XXII.

60 3152 280 3262 ‘termnum'
315 3158 367 3205 Not
385 3154 483 3211 decute
495 3152 664 3202 mutrorttrtrd,
678 3149 964 3197 territoriorum
