2054 3946
70 202 127 258 176
389 195 438 239 ur:
466 193 650 240 orrrcrra.

69 325 100 362 ae
115 305 236 377 quisque
250 305 350 379 rapiet,
364 304 535 361 dissolvetur
548 305 643 361 omnis
657 303 784 361 humana
798 302 946 363 consortio.

70 388 162 456 Atque
176 385 260 440 etiam
275 386 300 440 ei
316 384 370 440 hoc
384 395 482 440 natura
496 384 662 459 praescribit,
676 394 707 439 ut
727 384 818 439 homo
833 384 947 449 homini,

70 465 242 535 quicumque
257 465 303 527 sit,
314 465 350 519 ob
363 482 425 519 eam
440 464 532 538 ipsam
547 482 661 519 eausam
672 462 750 534 quod
765 464 789 519 is
805 463 893 519 homo
905 462 948 528 eit.

69 544 231 601 consultum
253 543 329 607 velit,
343 562 461 599 necesse
482 553 526 598 est
545 542 703 599 secundum
723 540 858 599 eamdem
878 554 940 597 natu

69 636 140 685 ram,
156 624 285 675 omnium
300 623 447 678 utilitatem
463 640 526 678 csse
542 640 734 678 communem.
777 620 865 687 Quod
879 621 904 677 oi
915 620 952 676 ita

70 708 122 763 est,
137 717 194 754 una
207 699 385 753 continemur
406 714 506 752 omnes
520 711 549 752 et
562 701 660 752 eadem
682 702 746 773 lege
767 712 895 757 nature:
915 696 953 756 id·

70 796 125 848 que
140 777 233 851 ipsum
250 777 276 831 si
290 777 328 832 ita
342 787 394 840 est,
410 786 486 832 certe
501 775 605 831 violare
620 775 750 840 alterum,
766 790 875 831 natum
893 779 953 850 lege

70 856 263 930 prohibemur.
306 855 414 911 Verum
435 866 528 910 autem
542 855 676 929 primum,
692 872 792 911 verum
809 854 896 931 igitur
908 872 953 911 ex·

73 946 205 991 tremum.

112 1014 187 1070 Nam
212 1012 281 1069 illud
303 1012 418 1083 quidem
438 1011 590 1068 absurdum
613 1022 668 1077 est,
681 1011 759 1084 quod
778 1011 898 1084 quidam
917 1011 954 1069 rii·

71 1103 148 1158 cant,
164 1093 270 1168 parenti
293 1111 334 1157 se,
355 1103 402 1148 aut
422 1092 498 1149 fratri
520 1091 593 1147 nihil
612 1091 799 1158 detracturos,
814 1090 953 1149 commodi

71 1173 116 1228 eui
131 1192 232 1238 caiisa3
248 1172 331 1227 aliam
345 1172 483 1227 rationem
496 1189 559 1227 esse
574 1171 679 1227 civium
693 1172 881 1242 reliquorum.
916 1170 953 1227 lli

72 1252 126 1307 sibi
142 1252 213 1307 nihil
232 1252 316 1326 juria,
332 1250 437 1306 nullam
460 1251 635 1315 societatem,
651 1252 816 1307 communis
831 1251 953 1307 utilitatis

72 1349 157 1386 eausa
171 1340 296 1386 statuunt
309 1348 373 1385 esse
388 1348 453 1385 cum
463 1329 591 1385 civibus:
614 1348 678 1400 quae
692 1330 835 1387 sententia
844 1348 953 1386 omnem

72 1410 236 1466 societatem
262 1409 392 1465 distrahit
415 1409 546 1464 civitatis.
589 1409 646 1473 Qui
669 1420 765 1465 autem
788 1410 896 1466 civium
916 1428 954 1465 ra-

72 1489 179 1545 tionem
200 1489 297 1545 dicunt
317 1488 486 1553 habendam,
506 1497 699 1553 externorum,
722 1497 840 1564 negant,
861 1487 893 1543 hi
916 1486 954 1544 ‹li-

72 1568 178 1624 rimunt
205 1587 385 1624 communem
413 1567 527 1622 humani
557 1567 668 1641 generis
689 1568 878 1633 societatem
902 1584 953 1637 qua

73 1647 192 1712 sublata,
208 1647 415 1711 beneficientia,
425 1645 587 1712 liberalitas,
603 1646 724 1712 bullitur,
736 1646 852 1721 justitia
867 1645 953 1702 sundi-

73 1738 117 1782 tus
144 1727 259 1783 tollitur.
310 1726 380 1791 Quae
402 1726 452 1795 qui
477 1725 588 1790 tollunt,
609 1727 693 1781 etiam
722 1725 861 1783 aduersus
888 1724 953 1781 deut

73 1805 248 1861 immortales
271 1806 352 1879 impii
369 1805 517 1879 judicandi
532 1814 607 1860 sunt.
649 1806 693 1860 Ab
708 1805 744 1860 iis
759 1807 839 1861 enirn
853 1804 954 1861 cousti-

74 1896 160 1939 tutam
177 1885 248 1940 inter
263 1884 393 1939 homines
415 1885 579 1940 societatem
594 1894 740 1940 evertunt:
763 1885 848 1960 cujus
869 1885 954 1941 accie-

74 1964 138 2018 tatia
150 1965 321 2018 artissimum
332 1964 475 2019 vinculum
489 1973 540 2029 est,
550 1964 639 2037 magis
650 1963 775 2019 arbitrari
786 1982 852 2019 esse
863 1974 953 2019 contra

74 2054 212 2108 naturam,
222 2042 367 2098 hominem
377 2042 639 2098 homiuirletrahere
651 2042 695 2097 sui
706 2043 853 2099 commodi
862 2060 954 2105 cauta.

74 2139 159 2195 quam
175 2123 270 2176 omnia
285 2121 466 2177 incommoda
478 2123 571 2178 subire
588 2121 631 2176 vel
647 2130 775 2185 externa,
791 2122 836 2178 vel
859 2140 954 2197 corpo·

75 2200 124 2266 rie,
148 2199 191 2255 vel
218 2201 302 2255 etiam
331 2201 421 2274 ipsius
449 2202 546 2264 autimi,
568 2219 631 2271 quae
659 2210 759 2256 vacent
786 2201 953 2276 injustitia!

74 2277 190 2335 lustitia
203 2281 280 2336 enim
296 2299 350 2336 uua
365 2280 451 2336 virtus
467 2281 595 2336 omnium
610 2289 654 2335 est
674 2278 790 2336 domina
811 2292 841 2336 et
862 2280 955 2356 regina

75 2370 220 2416 uirtutum.

107 2508 119 2536 t
133 2503 191 2555 Quae
199 2503 277 2546 cruceni
289 2501 416 2555 injustitie.
450 2502 480 2544 ln
490 2501 535 2544 thie
543 2501 641 2544 ditlrcult
650 2512 757 2555 passere,
765 2500 805 2544 the
814 2503 887 2546 MSS.
895 2514 957 2556 rnry.

75 2555 335 2610 Qicaevneenrjinn‘ttn.
365 2557 422 2607 Qum
433 2554 687 2606 nmufruntjnutna.
716 2555 778 2607 Qtue
787 2556 878 2599 uacent.
904 2556 957 2601 Jur-

73 2610 328 2654 tentamentorum
338 2607 419 2658 virtues,
432 2606 475 2651 &n
510 2608 623 2650 Different
640 2607 803 2650 emendatione
821 2608 881 2651 hare
899 2608 957 2651 been

84 2664 197 2717 rropoarrl.
231 2662 363 2704 Gronovius
373 2661 466 2714 fornum
475 2661 552 2702 would
561 2660 841 2714 reaumeeuceljurlitiu.
871 2662 960 2715 Bishop

84 2719 164 2766 'carce
172 2720 195 2758 to
203 2715 280 2757 whom
291 2716 363 2768 'l'oup
375 2715 548 2766 assuritanum
560 2715 624 2758 eueni
640 2713 761 2768 (oruucel)
770 2713 878 2766 jurum.
907 2714 958 2758 The

73 2769 169 2817 reading
182 2769 205 2811 in
219 2769 258 2811 the
275 2772 325 2810 tert
342 2779 442 2821 appears
455 2768 584 2810 werrunterl
598 2767 638 2809 but
650 2766 680 2820 by
693 2779 738 2809 one
750 2768 809 2818 Ma,
821 2767 865 2811 but
878 2769 897 2811 is
909 2780 958 2823 pre·

73 2823 147 2866 renen
161 2822 191 2876 by
200 2821 332 2881 Pacciolnti,
341 2823 397 2864 .1.l'.
407 2820 544 2872 Heusinger.
552 2820 597 2862 and
607 2819 736 2881 Gernhard.
744 2820 792 2862 arrd
800 2821 959 2891 interpretem

73 2876 95 2920 to
105 2874 180 2920 which
195 2875 306 2930 injustae
323 2885 354 2918 nn
371 2886 431 2926 araur
448 2884 501 2917 utria
520 2874 572 2925 pert
591 2873 611 2916 ia
629 2874 669 2917 nol
686 2874 822 2926 tnrpulnhle.
858 2875 958 2919 achellet

75 2929 153 2983 (Obsa
167 2929 191 2971 in
204 2928 272 2981 prisc.
281 2928 359 2980 script.
369 2927 447 2979 Lipa:
469 2926 532 2975 1785,
541 2940 563 2979 p.
572 2925 629 2980 231)
645 2925 729 2979 adopts
741 2925 780 2968 the
791 2927 899 2979 reading.
907 2938 959 2981 uttan

73 2981 281 3034 vacentjurttttm
301 2981 348 3023 and
359 2979 475 3032 explains,
484 2978 555 3039 licent
564 2984 647 3021 rueeut
656 2977 762 3033 justitia:
782 2979 834 3023 that
846 2981 864 3024 it
875 2980 957 3024 should

74 3033 101 3076 be
113 3034 204 3077 viewcd
216 3047 241 3078 as
254 3048 267 3076 u
279 3038 368 3084 greater
384 3036 562 3074 contraventron
580 3032 607 3074 ol
621 3032 658 3073 the
675 3033 734 3074 lawe
748 3032 777 3074 of
793 3038 887 3085 nature,
899 3034 935 3077 for
945 3044 960 3075 a

74 3097 129 3128 man
141 3091 165 3128 to
174 3087 232 3140 strip
245 3088 342 3129 another
352 3085 380 3127 of
388 3084 424 3126 his
436 3090 554 3138 property.
564 3085 651 3137 merely
661 3084 695 3127 fur
703 3086 742 3128 the
755 3085 813 3129 sake
824 3088 853 3129 of
861 3087 898 3129 his
907 3096 958 3129 own

71 3138 241 3189 convenience,
251 3139 310 3183 than
326 3142 351 3183 to
369 3138 458 3183 endure
469 3136 565 3180 lrimaell
573 3139 603 3180 all
614 3141 674 3179 sons
686 3138 713 3180 of
726 3140 837 3184 exteruel
848 3140 958 3194 suffering

64 3191 96 3236 o!
101 3191 173 3248 body,
187 3205 215 3237 or
224 3206 288 3239 even
300 3194 327 3239 ot
337 3192 425 3247 mind3
441 3201 498 3236 euctt
507 3191 535 3246 uf
543 3201 578 3234 un
588 3191 677 3244 unssust
687 3191 787 3232 nutura.
802 3212 815 3239 -,
