2054 3946
417 485 495 530 car.
512 485 622 531 xvrrr.
900 492 959 547 255

74 609 130 645 vero
149 601 181 654 te,
200 592 271 659 Cyre,
283 595 379 643 beatum
397 592 484 654 lerunt,
495 594 609 658 queniam
627 593 706 643 virtuti
726 602 772 643 tua
792 592 887 643 fortuna
904 612 961 645 eeu·

80 663 162 711 'uncta
173 661 232 711 est”

74 678 85 727 J
107 728 164 777 Hae
174 729 247 791 igitur
262 728 358 776 senuna
373 726 420 777 frui
431 729 486 778 licet
502 729 612 777 senibus:
631 745 676 777 nee
686 736 742 777 etas
753 728 859 791 impedit,
869 729 961 791 quomi-

73 811 121 845 nus
132 804 157 845 et
167 804 302 844 ceterarum
314 811 400 852 rerum,
412 804 436 844 et
447 796 563 858 imprimis
574 796 625 858 agri
635 796 735 853 colendi,
747 796 826 843 studia
837 804 961 844 teneamus

74 864 192 927 usquead
205 862 316 911 ultimum
333 870 429 925 tempus
440 863 576 912 senectutis,
610 864 644 912 M.
657 864 753 925 quidem
765 862 888 911 Valerium
901 861 961 910 Cor·

73 945 131 978 vum
143 930 279 993 accepimus
290 929 321 977 ad
332 930 490 978 centesimum
502 946 594 978 annum
611 931 757 993 perduxisse,
769 946 825 978 cum
836 937 898 977 esset
909 936 962 978 acta

74 998 127 1061 jam
139 1004 207 1045 etate
217 997 243 1045 in
255 996 325 1057 agris,
337 1012 424 1058 eosque
437 998 538 1045 coleret:
556 998 626 1061 eujus
637 997 698 1045 inter
715 997 818 1059 primum
830 1004 854 1044 et
865 1004 961 1045 sextum

72 1066 232 1120 consulatum,
242 1079 285 1111 sex
294 1072 318 1111 et
325 1064 481 1126 quadraginta
489 1063 547 1112 anni
555 1064 718 1112 iuterfuerunt
753 1064 835 1126 Itaque
843 1071 960 1126 quantum

72 1131 178 1194 spatium
190 1130 264 1178 etatis
276 1133 378 1194 majores
390 1131 463 1179 nostri
475 1131 504 1179 sd
516 1130 644 1178 senectutis
655 1131 750 1179 initium
763 1147 814 1179 esse
827 1132 961 1181 voluerunt.

73 1204 155 1246 tantus
171 1197 205 1245 illi
227 1213 311 1245 cursus
331 1198 449 1245 bonorum
465 1197 518 1246 fuit.
552 1198 633 1259 Atque
650 1199 702 1261 ejus
719 1207 825 1246 extrema
841 1207 897 1245 retas
915 1198 961 1246 boo

72 1264 170 1323 beatior,
182 1280 254 1327 quarn
271 1264 357 1322 modia,
369 1264 433 1326 quod
450 1263 595 1312 auctoritatis
612 1266 666 1327 plus
683 1266 789 1322 habebat,
802 1266 887 1313 laboris
904 1281 960 1312 vero

72 1330 162 1380 minus.
196 1331 266 1394 Aper
279 1338 358 1379 autern
370 1331 498 1379 senectutis
510 1340 547 1379 est
558 1332 691 1380 auctoritas.
725 1333 824 1392 Quanta
837 1332 881 1380 fuit
893 1331 918 1380 in
931 1331 961 1381 L.

73 1394 171 1446 cecilio
184 1397 296 1446 Metello!
315 1406 404 1460 quanta
412 1398 438 1446 in
448 1398 523 1446 Atilio
533 1397 659 1447 Calatino!
677 1399 702 1447 in
711 1416 782 1461 quern
790 1399 847 1447 illud
856 1398 961 1458 elogium

73 1464 188 1513 unicum:
207 1471 221 1494 “
231 1464 343 1513 Plurimae
360 1465 514 1514 consentIunt
530 1476 621 1526 gentes,
632 1466 714 1529 populi
732 1466 869 1528 primarium
886 1466 960 1514 luisse

74 1530 176 1581 virum.”
218 1532 312 1580 Notum
335 1539 371 1580 est
388 1548 490 1589 carmen,
502 1533 605 1581 incisum
624 1533 649 1581 in
666 1534 782 1596 sepulcro.
814 1533 872 1581 Iure
888 1533 961 1593 igitur

72 1599 159 1660 gravis,
171 1600 241 1663 eujus
252 1599 282 1647 de
293 1598 402 1648 laudibus
414 1600 522 1648 omnIum
534 1607 596 1648 esset
612 1599 674 1648 lama
687 1600 845 1649 consentiens.
879 1600 960 1658 Quem

72 1663 151 1714 virum
169 1666 198 1714 P.
211 1664 332 1723 Crassum,
345 1682 421 1728 nuper
437 1666 574 1730 pontificem
591 1667 731 1724 maximum,
743 1683 814 1729 quern
830 1678 912 1729 postea
925 1667 960 1715 M.

72 1730 193 1795 Lepidum
210 1733 293 1781 eodem
310 1733 439 1781 sacerdotio
456 1734 587 1795 praeditum,
598 1734 719 1782 vidimus?
755 1733 820 1792 Quid
837 1735 866 1781 de
883 1734 960 1781 Paulo

72 1808 116 1848 ent
127 1799 241 1849 Africano
253 1801 353 1862 loquarl
373 1807 421 1858 aut,
432 1809 460 1849 ut
467 1801 519 1864 jam
530 1808 592 1859 ante,
604 1801 633 1848 de
646 1800 771 1848 Maximol
791 1816 893 1862 quorum
909 1816 960 1849 non

72 1865 100 1914 in
111 1867 230 1915 sententia
240 1868 324 1925 solum,
337 1867 378 1915 sed
390 1867 461 1915 etiam
472 1868 497 1915 in
510 1876 579 1926 nutu,
591 1867 706 1916 residebat
717 1869 851 1916 auctoritas.
880 1867 960 1915 Habet

72 1942 191 1992 senectus,
203 1935 318 1982 honorata
328 1934 463 1997 presertim,
476 1942 567 1983 tantam
578 1935 748 1993 auctoritatem,
757 1944 784 1983 ut
795 1951 823 1982 ea
835 1935 910 1998 pluris
921 1934 960 1992 sit,

71 2015 147 2063 quam
158 2017 242 2049 omnes
253 2000 415 2049 adolescentiae
427 2003 567 2065 voluptates.

105 2132 198 2182 XVIII.
216 2133 271 2189 Sed,
283 2134 309 2182 in
321 2134 386 2182 omni
398 2133 511 2190 oratione,
522 2142 673 2191 mementote,
685 2151 737 2183 earn
755 2151 793 2183 me
811 2135 906 2184 laudare
924 2154 959 2186 se·

71 2208 201 2257 nectutem,
210 2217 261 2264 qua
272 2201 435 2249 fundamentis
453 2201 614 2250 adolescentia
625 2202 753 2250 constituta
764 2203 810 2250 sit:
828 2219 858 2250 ex
876 2220 923 2266 quo
935 2205 959 2253 id

71 2267 182 2326 efficitur,
196 2267 272 2330 (quod
284 2284 328 2329 ego
345 2284 434 2328 magno
446 2268 566 2331 quondam
584 2285 639 2316 cum
657 2285 755 2317 assensu
767 2269 876 2318 omnium
893 2271 956 2337 diri)

72 2334 186 2383 Miseram
198 2351 249 2383 esse
261 2343 414 2392 senectutem,
426 2351 478 2397 qum
490 2352 514 2383 se
526 2335 632 2384 oratione
647 2336 788 2384 defenderet.
822 2337 880 2385 Non
897 2339 958 2389 eam.

72 2416 123 2449 non
135 2417 206 2461 ruge,
219 2411 315 2464 repente
328 2402 492 2450 auctoritatem
501 2401 601 2465 arrIpere
613 2412 728 2465 pessunt:
746 2403 788 2452 sed
798 2403 898 2452 honeste
907 2414 958 2455 acta

72 2468 180 2531 superior
191 2477 246 2516 tetes
259 2470 348 2518 fructus
360 2469 423 2531 capit
434 2470 579 2517 auctoritatis
591 2480 717 2519 extremos.

106 2535 167 2584 Haec
178 2536 243 2583 enim
254 2536 306 2598 ipsa
318 2544 374 2584 sunt
393 2536 545 2593 honorabilia,
557 2554 608 2599 quse
620 2538 730 2586 videntur
741 2540 802 2587 lema
814 2547 883 2600 atque
895 2557 958 2588 com·

71 2602 164 2661 munia,
173 2603 275 2660 salutari,
284 2603 369 2666 appeti,
377 2603 465 2657 decedi,
475 2604 573 2664 assurgi,
583 2605 674 2661 deduci,
683 2606 770 2662 reduci,
780 2607 872 2654 consuli
882 2623 887 2652 ε
906 2624 958 2669 qua·

71 2677 97 2717 et
108 2670 170 2731 apud
183 2686 234 2728 nos,
246 2678 270 2718 et
288 2669 313 2718 in
331 2670 383 2718 aliis
400 2670 539 2728 civitatibus,
552 2680 579 2718 ut
596 2688 694 2733 quaeque
711 2673 800 2735 optime
818 2682 914 2732 morata,
926 2674 958 2721 ita

70 2736 253 2796 ‹liIIgentissime
270 2740 431 2785 observantur.
474 2737 625 2800 Lysandrum
643 2738 850 2786 Lacedaemoniam
876 2739 958 2804 (eujus

71 2803 144 2851 inodo
156 2804 301 2853 mentionem
312 2804 369 2869 leci)
384 2804 460 2852 dicere
472 2805 541 2853 aiunt
557 2806 660 2860 solitum,
673 2805 843 2853 Lacedaemone
854 2823 905 2853 esse
917 2808 958 2854 ho·

72 2870 235 2919 rreslissimum
248 2871 395 2920 domicilium
406 2873 548 2919 senectutis:
567 2888 686 2933 nusquam
696 2872 760 2918 eninr
772 2881 865 2920 tantum
878 2874 958 2922 tribui-

71 2944 111 2985 tur
122 2937 192 2996 aetati,
204 2954 322 3001 nusquam
333 2946 370 2986 est
386 2947 495 2986 senectus
513 2939 655 2986 honoratior.
688 2938 827 2996 Quinetiam
840 2941 958 2989 memorie

71 3004 190 3067 proditum
202 3013 311 3063 osteum
323 3005 433 3062 Athenis,
445 3005 617 3067 ludis,quidam
629 3004 655 3052 in
667 3005 785 3053 theatrum
798 3007 892 3066 grandis
900 3016 958 3056 natu

71 3071 183 3128 venisset,
195 3071 221 3119 in
232 3089 320 3133 magno
331 3089 442 3120 consessu
456 3073 533 3120 locum
547 3072 568 3120 ei
580 3089 595 3119 a
606 3072 656 3119 suis
674 3071 764 3120 civibus
781 3089 902 3135 nusquam
918 3076 958 3122 da-

70 3146 139 3203 tum:
157 3156 212 3187 curn
231 3147 310 3188 aulem
328 3140 358 3187 ad
376 3138 566 3187 Lacedaemonios
584 3139 727 3196 accessisset,
741 3139 802 3201 (qui,
814 3141 885 3201 legati
902 3158 958 3190 cum

69 3214 158 3264 essent,
170 3205 196 3253 in
214 3207 266 3255 loco
284 3214 346 3255 certo
363 3207 529 3271 consederant)
544 3206 721 3254 consurrexisse
734 3218 859 3265 amasset
874 3225 958 3257 senem

70 3272 139 3321 illum
157 3289 249 3320 sessum
266 3273 389 3335 recepisse.
423 3272 584 3332 Quibuscum
597 3291 612 3322 a
623 3282 710 3322 cuncto
728 3289 841 3322 consessu
858 3276 956 3337 plausus

69 3347 134 3389 esset
150 3340 274 3402 multiplex
291 3341 368 3396 datus,
384 3339 472 3389 dixisse
484 3357 513 3388 ex
525 3340 555 3387 iis
566 3342 701 3402 quemdam,
713 3341 874 3388 Athenienses
891 3343 957 3399 scire,

68 3416 198 3469 querceta
215 3415 300 3459 essent,
312 3407 353 3455 sed
365 3407 440 3454 facere
457 3409 527 3456 nolle.
561 3407 640 3456 Multa
650 3408 675 3455 in
688 3415 768 3455 nostro
785 3402 884 3468 collegib
901 3417 957 3472 pure-

69 3475 148 3525 elna:
165 3474 206 3522 sard
219 3473 272 3532 hoe,
283 3475 312 3522 de
329 3490 376 3537 quo
394 3474 494 3535 agimus,
506 3474 532 3523 in
549 3475 638 3539 primis,
651 3475 721 3540 quod,
734 3484 761 3524 ut
778 3472 993 3547 quisque'ptelpitlrg3¹
