2054 3946
361 499 429 545 ala.
447 499 485 545 11.
519 500 597 545 CAP.
615 500 644 545 V.
880 505 934 560 117

51 608 167 667 interitu
187 607 348 675 hominum,
364 608 547 684 Peripatetici
567 609 663 684 magni
685 619 713 665 et
732 608 862 684 copiosi:
886 609 934 679 qui

51 687 180 746 collectis
195 688 296 744 ceteris
309 688 412 754 causis,
427 689 578 756 eluvionis,
590 688 769 764 pestilentiae.
786 688 934 753 vastitatis,

51 768 210 826 belluarum
233 767 318 823 etiam
339 769 494 842 repentina
519 767 719 834 multitudinis,
740 786 859 840 quarum
883 766 935 823 im·

51 857 118 924 petu
133 847 219 904 docet
233 845 362 917 quaedam
384 847 535 904 hominum
556 866 661 924 genera
681 867 745 903 esse
767 857 934 910 consumta;

51 926 155 986 deinde
177 936 331 1001 comparat,
355 938 460 998 quanto
482 927 578 1002 plures
599 926 684 983 deleti
712 937 779 983 sunt
804 925 935 982 homines

51 1006 202 1064 bominum
223 1005 342 1081 impetu,
358 1006 454 1073 idest,
470 1007 551 1064 bellis
567 1017 615 1063 aut
636 1006 833 1072 seditionibus,
850 1024 935 1077 quam

51 1085 132 1143 omni
145 1085 258 1156 'reliqua
272 1084 440 1143 calamitate.

91 1164 170 1220 Cum
188 1164 274 1238 igitur
293 1164 340 1221 hic
353 1165 434 1222 locus
456 1165 527 1221 nibil
542 1164 644 1221 habeat
658 1164 851 1230 dubitationis
867 1165 935 1235 quirr

51 1243 186 1302 homines
212 1243 367 1319 plurimum
394 1245 558 1301 hominibus
581 1255 609 1300 et
632 1245 751 1320 prosint,
775 1256 803 1301 et
824 1245 933 1309 obsint;

51 1324 202 1399 proprium
224 1324 279 1381 hoc
305 1333 397 1381 statuo
424 1342 487 1380 esse
512 1324 623 1380 virtutis
650 1325 800 1381 conciliare
824 1324 934 1380 animos

52 1402 203 1460 bominum
221 1401 298 1459 etad
318 1421 388 1460 usus
408 1422 475 1460 suos
496 1402 660 1479 adjungere.
703 1404 811 1476 ltaque,
827 1422 889 1475 quae
905 1403 934 1460 in

51 1483 138 1538 rebus
157 1482 302 1547 inanimis,
318 1501 438 1554 quaeque
456 1483 486 1540 in
508 1486 671 1541 tractatione
693 1484 849 1540 belluarum
865 1483 936 1539 fiunt

52 1562 161 1618 utiliter
174 1561 208 1618 ad
223 1561 372 1618 hominum
385 1563 481 1629 vitam,
496 1563 601 1619 artibus
617 1581 650 1619 ea
665 1564 823 1619 tribuuntur
836 1580 936 1637 opero·

53 1641 117 1698 ais:
147 1641 295 1697 hominum
317 1651 410 1698 autem
432 1642 525 1699 studia
545 1641 580 1698 ad
601 1643 850 1718 amplificationem
871 1660 935 1698 nos·

53 1730 161 1778 irarum
175 1739 269 1776 rerum
290 1733 401 1795 promta
421 1741 454 1778 ac
474 1730 579 1797 parata,
596 1724 719 1779 virorum
741 1722 935 1797 prostantium

54 1800 196 1877 sapientia
210 1810 238 1855 et
252 1799 353 1856 virtute
369 1802 537 1857 excitantur.

94 1880 213 1937 Etenim
228 1879 333 1935 virtus*
354 1881 448 1937 omnis
470 1881 558 1937 tribus
574 1879 602 1936 in
624 1881 707 1936 rebus
724 1880 782 1936 sere
798 1881 935 1937 vertitur:

55 1977 175 2030 quarum
189 1977 246 2014 una
259 1970 303 2015 est
322 1959 351 2015 in
366 1959 577 2035 perspiciendo,
592 1960 658 2030 quid
675 1962 704 2016 in
719 1977 831 2032 quaque
846 1979 876 2016 re
891 1979 936 2016 ve-

55 2057 128 2106 rum,
145 2038 344 2110 sincerumque
359 2041 405 2106 sit,
421 2039 488 2111 quid
504 2050 726 2096 consentaneum
741 2041 854 2110 cuique,
869 2038 937 2111 quid

54 2136 246 2189 consequens,
262 2136 300 2174 ex
321 2137 377 2190 quo
395 2138 515 2191 quaeque
537 2121 697 2196 gignantur,
713 2138 775 2190 quar
798 2119 937 2194 cujusque

54 2197 95 2254 rei
109 2217 197 2255 causa
209 2197 263 2253 sit:
280 2198 411 2258 alteruml
426 2199 575 2272 cohiberet
589 2208 682 2255 motus
698 2199 785 2255 animi
801 2201 935 2264 turbatos,

55 2296 127 2349 quos
148 2276 244 2334 Gracci
264 2288 320 2338 πάθη
342 2279 507 2344 nominant;
530 2278 787 2352 appetitionesque‚
804 2299 874 2351 quas
896 2279 937 2336 illi

55 2363 125 2418 ὁρμὰς,
147 2355 311 2414 obedientes
333 2357 446 2414 efficere
466 2358 588 2414 rationi:
612 2359 736 2425 tertium,
759 2361 805 2426 iis,
822 2360 938 2431 quibus·

55 2454 120 2493 cum
142 2453 356 2513 congregamur,
378 2438 419 2494 uti
441 2436 593 2505 moderate,
612 2448 641 2494 et
660 2439 793 2506 scienter,
815 2458 937 2511 quorum
966 2441 969 2449 '

87 2609 211 2656 *Etenim
220 2611 303 2656 rrirlrts.
335 2613 407 2657 From
425 2611 489 2654 these
500 2609 577 2654 words
589 2613 613 2655 to
624 2610 664 2654 the
676 2609 723 2654 end
736 2610 764 2653 of
777 2609 816 2653 tbe
834 2610 877 2653 cha
896 2613 937 2659 ter.

54 2664 182 2712 Facciolati
193 2664 312 2708 considers
324 2677 350 2708 as
361 2677 392 2708 an
411 2663 584 2726 interpolation.
617 2665 700 2726 Virtue
712 2663 757 2706 bad
770 2664 865 2717 already
878 2623 936 2707 iesu

53 2718 156 2765 dirided.
176 2721 219 2760 not
236 2718 286 2760 into
307 2717 378 2770 three,
398 2717 441 2761 but
457 2721 507 2761 mio
525 2718 586 2770 tour,
603 2729 743 2771 provinces:
769 2716 882 2760 althouah
898 2716 938 2760 tbe

53 2771 133 2815 words
146 2783 185 2815 are
198 2770 342 2824 Ciceronian,
355 2771 394 2815 the
406 2771 576 2825 construction,
586 2770 615 2815 be
627 2770 714 2823 thinks,
726 2770 746 2813 is
758 2773 807 2814 not.
841 2771 878 2813 To
892 2769 938 2813 tbis

53 2824 163 2880 opinion,
174 2825 197 2869 J.
208 2825 243 2867 M.
255 2824 389 2878 Heusinger
400 2827 499 2868 ussonia.

86 2877 363 2932 wlterrano-tedium.
399 2878 526 2932 Reautarty
544 2877 628 2922 alteru.
646 2875 721 2921 tertia.
756 2876 803 2920 But
819 2875 938 2919 instances

54 2943 93 2975 are
106 2931 181 2973 found
195 2931 222 2973 ol
230 2935 323 2973 neuters
336 2931 360 2974 in
374 2931 488 2974 asimilar
505 2930 678 2974 constructionr
697 2930 733 2974 cb.
746 2931 782 2978 22,
795 2929 822 2972 of
835 2929 874 2972 the
886 2941 938 2983 pre-

53 2982 140 3037 ceding
159 2983 226 3027 book.
260 2985 434 3038 “Quamquam
452 2983 501 3027 haee
518 2983 615 3037 quidem
633 2996 670 3026 res
690 2995 738 3043 non
757 2983 833 3043 solum
854 2994 884 3024 ex
897 2981 937 3025 do-

53 3036 153 3082 mestica
171 3041 207 3080 est
219 3037 315 3088 ratione,
327 3037 422 3090 attingit
437 3039 502 3080 enim
519 3037 634 3089 bellicam,
646 3047 760 3090 quoniam
773 3048 794 3077 vr
815 3047 935 3089 manuque

53 3091 163 3135 confecta
180 3095 222 3136 est.
235 3090 276 3133 sed
293 3095 373 3134 tamen
386 3091 409 3134 id
426 3090 432 3133 i
452 3103 505 3134 sum
524 3094 616 3144 gestum
634 3090 695 3139 est,”
708 3086 753 3132 dec.
788 3089 838 3133 Liv.
851 3089 887 3132 43.
902 3091 937 3140 Π,

54 3144 112 3189 “Ne
124 3143 178 3197 quis
196 3144 269 3187 ullam
286 3155 335 3187 rem
353 3144 378 3187 in
395 3105 480 3187 bellium
500 3142 673 3194 magistratibus
690 3141 804 3186 Rornanis
822 3142 937 3186 conferret

53 3200 210 3253 preterquam
223 3197 286 3251 quod
297 3201 392 3240 senatus
404 3196 560 3240 censuisset.”

87 3254 100 3299 ὲ
117 3249 233 3294 dubitare.
267 3252 302 3294 On
321 3249 368 3293 this
385 3251 550 3300 construction,
563 3247 688 3294 Facciolati
700 3248 748 3290 also
760 3247 876 3301 observes,
887 3248 936 3293 that

54 3303 72 3346 it
83 3303 164 3346 would
177 3303 235 3346 trave
248 3303 306 3346 been
319 3315 383 3346 more
396 3304 524 3346 consistent
535 3302 591 3344 with
605 3302 644 3345 the
653 3301 787 3356 preceding,
795 3313 846 3346 rtrru
856 3314 893 3346 rea
904 3304 938 3347 eal

55 3357 82 3400 in
99 3355 265 3411 perspiciendo,
277 3361 300 3399 to
313 3357 371 3399 trave
383 3356 441 3399 used
459 3357 485 3399 io
498 3355 643 3405 cotttcuan,·
661 3354 708 3398 and
727 3353 755 3397 be
772 3355 845 3398 infers
857 3368 883 3399 as
895 3360 937 3400 not

54 3409 207 3506 improbable,
219 3409 269 3452 that
279 3408 318 3452 the
334 3409 487 3458 interpolator
499 3421 548 3452 was
559 3408 598 3452 the
616 3420 680 3452 same
697 3421 783 3461 person
796 3408 857 3463 wbo,
870 3410 909 3453 lib.
921 3410 936 3454 i.

54 3461 185 3560 &gaggid
200 3462 338 3507 introduced
358 3464 372 3487 “
381 3463 467 3507 Modus
484 3466 563 3506 autem
582 3465 619 3506 est
634 3461 746 3517 optimus,
765 3462 837 3508 decus
857 3463 937 3518 ipsum
