2054 3946
352 472 424 518 utu.
440 470 496 515 111.
529 471 666 517 cnuth.
896 475 947 530 181

109 579 207 647 Quare
227 598 304 638 error
325 579 474 638 hominum
493 599 549 637 non
573 581 736 656 proborum,
750 600 814 637 cum
834 580 951 652 aliquid,

71 659 147 732 quod
162 660 233 717 utile
248 660 340 717 visum
361 672 414 727 est,
430 660 557 734 arripuit,
573 659 603 716 id
622 661 758 717 continuo
780 662 904 716 secernit
918 662 951 716 ab

71 737 202 797 honesto.
253 740 331 797 Hinc
354 741 431 807 sicae,
455 740 522 796 hinc
548 758 666 805 venena,
687 740 754 797 hinc
776 740 846 796 falsa
871 750 952 795 testa·

71 830 167 876 menta
187 829 357 876 nascuntur:
391 819 459 876 hinc
480 819 562 885 surta,
584 820 741 894 peculatus,
763 819 952 894 expilationes

71 896 303 974 direptionesque
317 898 460 955 sociomm
475 909 503 955 et
517 899 640 955 civium:
663 899 730 955 hinc
745 918 831 974 opum
854 899 952 955 nimia·

70 996 133 1034 rum
154 979 288 1053 potentiae
303 996 359 1034 non
381 977 521 1034 serendae:
545 989 688 1053 postremo
703 979 786 1034 etiam
804 979 831 1034 in
855 978 952 1034 liberis

70 1056 232 1113 civitatibus
247 1056 382 1132 regnandi
403 1057 545 1114 exsistunt
559 1056 737 1131 cupiditates,
754 1059 856 1129 quibus
880 1057 951 1113 nihil

70 1154 123 1193 uec
152 1136 270 1203 taetrius,
293 1155 347 1193 nec
375 1136 476 1193 loedius
504 1136 659 1211 excogitari
688 1148 791 1213 potest.
833 1136 951 1193 Emolu-

69 1225 168 1273 menta
188 1216 263 1272 enim
285 1234 378 1272 rerum
399 1216 545 1272 fallacibus
563 1215 679 1291 judiciis
701 1216 814 1273 vident:
837 1235 951 1291 poenam

68 1312 128 1351 uon
154 1293 219 1351 dico
247 1295 353 1371 legum,
374 1313 445 1366 quas
470 1313 546 1370 saepe
569 1307 764 1371 perrumpunt,
787 1296 838 1352 sed
860 1297 950 1372 ipsius

69 1373 264 1449 turpitudinis,
280 1392 342 1447 quae
357 1375 540 1431 acerbissima
555 1389 607 1440 est,
623 1393 681 1431 non
696 1375 800 1432 vident.

109 1452 304 1519 Quamobrem
325 1453 379 1510 hoe
395 1453 509 1526 quidem
530 1453 744 1511 deliberantium
761 1474 849 1530 genus
865 1455 950 1530 pella·

69 1542 115 1590 tur
129 1551 145 1589 e
160 1532 254 1589 medio
269 1531 326 1610 (est
338 1534 415 1590 enim
431 1544 520 1590 totum
535 1533 702 1590 sceleratum
715 1545 743 1590 et
756 1533 887 1612 impium)
902 1535 949 1606 qui

69 1611 237 1679 deliberant,
259 1625 351 1669 utrum
378 1612 405 1668 id
428 1623 591 1685 sequantur,
615 1613 690 1684 quod
714 1613 864 1670 honestum
887 1633 949 1669 esse

70 1690 195 1758 videant,
212 1711 247 1748 an
268 1710 298 1747 se
318 1691 442 1761 scientes
465 1693 571 1749 scelere
593 1693 795 1749 contaminent.
837 1692 870 1748 ln
888 1694 951 1767 ipsa

69 1771 148 1829 enim
162 1769 337 1827 dubitatione
353 1771 461 1827 lacinus
483 1773 566 1837 inest,
582 1773 666 1829 etiam
681 1772 706 1828 si
721 1772 756 1827 ad
772 1771 800 1828 id
818 1791 874 1828 nun
890 1791 951 1846 per·

55 1849 210 1913 ,venerint
251 1850 330 1925 Ergo
351 1868 384 1906 ea
406 1850 584 1907 deliberanda
605 1853 721 1907 omnino
744 1870 801 1907 non
824 1863 898 1917 sunt,
921 1852 950 1907 in

70 1930 175 2004 quibus
198 1940 242 1985 est
267 1930 356 2004 turpis
382 1930 446 2005 ipsa
470 1930 644 1987 deliberatio.
687 1931 780 2001 Atque
803 1931 887 1987 etiam
914 1949 950 1987 ex

70 2009 148 2066 omni
161 2007 373 2073 deliberatione,
386 2009 496 2066 celandi
508 2021 536 2066 et
549 2009 708 2066 occultandi
721 2029 786 2084 spes
796 2010 950 2084 opinioque

70 2086 244 2145 removenda
257 2097 308 2143 est.
351 2089 426 2145 Satis
440 2089 516 2146 enim
531 2089 624 2155 nobis,
641 2090 666 2144 si
682 2088 766 2145 modo
782 2089 811 2145 in
825 2089 951 2163 philoso-

71 2166 141 2242 phia
169 2166 275 2238 aliquid
303 2167 486 2242 proiecimus,
514 2187 682 2243 persuasum
714 2187 777 2225 esse
805 2168 896 2232 debet,
925 2171 951 2225 si

71 2264 173 2302 omnes
188 2244 256 2302 deos
271 2246 459 2318 hominesque
481 2249 571 2304 celare
593 2249 747 2323 possimus,
765 2248 835 2305 nihil
857 2258 949 2306 tameo

71 2344 165 2392 arare,
180 2325 250 2381 nihil
266 2326 381 2401 injuste,
396 2327 467 2383 nihil
480 2327 642 2394 libidinose,
656 2328 729 2384 nihil
743 2328 951 2386 incontinenter

71 2422 136 2462 esse
151 2404 322 2462 iaciendum.

72 2533 163 2592 cnP.
179 2533 231 2591 lx.
274 2533 365 2592 Nihil
377 2553 426 2612 spe
434 2533 613 2672 poenitendi
634 2535 750 2594 sceleris
772 2538 951 2596 committen-

453 2633 505 2673 um
520 2633 589 2672 esse.

111 2726 196 2784 Hmc
219 2727 267 2783 ille
289 2727 390 2803 Gyges
417 2726 560 2784 inducitur
580 2747 597 2783 a
618 2726 736 2784 Platone
750 2731 776 2794 3*
804 2728 863 2799 qui,
885 2721 951 2786 cuin

71 2815 145 2864 terra
159 2805 339 2863 discessisset
354 2807 463 2882 magnis
476 2805 645 2877 quibusdam
664 2807 812 2869 imbribus,
828 2808 856 2863 in
871 2807 950 2864 illum

71 2885 181 2942 hiatum
196 2885 353 2952 descendit,
364 2903 530 2958 aeneumque
545 2904 661 2957 equum,
677 2894 706 2941 ut
720 2885 813 2942 ferunt
827 2886 951 2953 fabulari

407 3026 558 3071 CHAPTER
576 3026 620 3071 IX.

103 3115 117 3144 ⁴
129 3108 235 3155 Plutone.
269 3113 356 3174 Gyges,
373 3113 433 3156 atter
450 3111 585 3162 murdering
600 3111 740 3174 Candaules,
758 3111 815 3165 king
828 3113 856 3174 of
870 3112 951 3166 Lydia,

70 3162 176 3259 &llil
194 3164 655 3279 tbnffdiiiiinditniiiiindi'rliiluii
666 3165 818 3262 ltsflllllllt
830 3165 952 3262 biralli

69 3269 200 3313 succeeded
218 3282 242 3314 rn
255 3272 313 3314 such
328 3282 360 3314 an
377 3276 505 3326 enterprise
523 3284 582 3326 gave
597 3271 657 3315 birth
674 3271 788 3327 probably
800 3276 824 3316 to
836 3272 875 3315 the
888 3270 951 3314 sebu-

69 3322 228 3420 louspartot
237 3324 275 3367 the
288 3328 360 3377 story.
422 3377 427 3386 ,

102 3376 120 3429 †
155 3375 255 3468 iperio!
262 3376 367 3477 petralas.
401 3377 482 3421 Cicero
500 3389 600 3432 pursues
618 3376 656 3421 the
668 3377 745 3421 words
758 3378 785 3423 of
800 3378 950 3423 Plato—Kal

70 3427 126 3469 idcir
139 3425 166 3468 di
184 3443 197 3468 a
211 3442 234 3469 τε
248 3429 260 3471 d
273 3459 278 3482 ,
295 3427 309 3471 d
322 3429 472 3482 μυθολογοῦσι,
487 3429 602 3482 θαυμαστὰ,
620 3432 655 3472 rai
673 3429 736 3474 lurra
751 3433 850 3486 χαλκοῦν,
869 3431 951 3474 κοῖλον.

70 3474 158 3529 θυρίδας
168 3474 253 3529 ἔχοντα.
951 3492 956 3515 ;

483 3533 520 3590 16
