2054 3946
74 190 112 241 ”2
394 179 443 225 nn
461 179 641 227 osricus.

115 286 283 360 Eademque
297 297 395 344 natura
409 289 437 344 vi
452 288 569 346 rationis
584 288 730 345 hominem
751 287 885 347 conciliat
904 287 957 346 ho·

77 368 158 434 mini,
174 377 203 424 et
216 368 251 424 ad
266 368 402 425 orationis
417 367 494 424 etad
509 369 572 425 vitre
592 368 776 435 societatem
798 368 957 443 ingenerat·

77 465 131 518 que
147 447 290 522 inprimis
304 447 480 522 praecipuum
489 446 641 519 quemdam
652 466 776 504 amorem
791 448 821 503 in
835 466 895 513 eos,
905 446 956 519 qui

77 527 216 602 procreati
243 531 344 593 sunt3*
373 526 560 601 impellitque,
588 537 620 583 ut
640 527 790 584 hominum
816 538 905 582 coetus
928 537 958 582 et

76 606 281 663 celebrationes
306 614 335 661 et
358 623 432 672 esse,
458 615 487 661 et
504 626 521 661 a
543 624 574 661 se
595 606 667 663 obiri
682 606 768 673 velit;
794 607 830 662 ob
851 623 956 677 easque

77 704 192 741 caussas
203 685 313 742 studeat
327 703 424 759 parare
435 703 478 750 ea,
491 704 554 756 quae
568 684 752 759 suppeditent
762 696 790 741 et
801 684 835 740 ad
847 685 957 741 cultum

77 763 151 821 etad
166 764 290 832 victum;
313 782 366 821 nec
387 765 442 820 sibi
463 764 528 832 soli,
544 763 595 821 sed
615 764 744 840 conjugi,
759 764 867 831 liberis,
883 773 958 820 cete·

77 844 184 916 risque,
200 862 272 915 quos
287 862 367 900 caros
383 843 493 910 habeat,
509 844 637 915 tuerique
652 842 762 900 debeat.
804 843 875 909 Quae
890 861 959 900 cura

77 924 234 980 exsuscitat
254 925 339 980 etiam
354 923 477 990 animos,
493 933 521 978 et
535 924 658 999 majores
672 922 783 980 adrem
803 920 958 999 gerendam

78 1002 154 1060 facit.

116 1081 151 1139 In
178 1081 336 1157 primisque
362 1081 487 1137 hominis
516 1089 560 1137 est
584 1081 699 1158 propria
721 1081 780 1138 veri
808 1079 958 1153 inquisitio

77 1170 162 1233 atque
177 1161 367 1236 investigatio.
410 1160 508 1232 ltaque
523 1179 588 1217 eum
610 1179 708 1217 sumus
724 1160 894 1218 necessariis
910 1176 959 1215 ne·

77 1241 162 1316 gotiis
171 1241 303 1312 curisque
316 1240 407 1302 vacui,
418 1250 478 1296 turn
487 1258 604 1296 avemus
614 1239 720 1312 aliquid
734 1238 839 1306 videre,
849 1238 957 1305 audire,

17 1382 30 1403 1
78 1339 110 1377 ec
124 1319 253 1377 discere:
276 1319 525 1395 cognitionemque
538 1338 632 1376 rerum
648 1329 696 1375 aut
711 1320 895 1385 occultarum,
910 1327 960 1374 aut

78 1398 285 1456 admirabilium
301 1397 334 1455 ad
349 1400 430 1455 beate
443 1397 595 1455 vivendum
610 1399 800 1455 necessariam
813 1398 956 1454 ducimus.

78 1479 127 1536 Ex
141 1497 198 1551 quo
209 1479 384 1554 intelligitur,
398 1476 474 1550 quod
486 1496 596 1544 verum,
609 1478 744 1554 simplex,
757 1479 958 1548 sincerumque

78 1558 125 1626 sit,
141 1558 171 1615 id
184 1577 248 1615 esse
262 1569 367 1615 naturae
383 1557 508 1614 hominis
523 1558 713 1633 aptissimum.
756 1557 834 1614 Huic
845 1556 905 1613 veri
917 1556 958 1613 vi·

78 1637 164 1694 dendi
186 1637 334 1713 cupiditati
359 1636 492 1713 adjuncta
509 1648 554 1693 est
570 1637 706 1712 appetitio
728 1636 858 1709 quaedam
881 1635 959 1710 prin·

79 1718 199 1792 cipetus,
221 1727 252 1774 ut
276 1717 385 1773 nemini
407 1734 506 1791 parere
528 1716 639 1773 animus
664 1718 735 1773 bene
758 1736 774 1772 a
798 1726 897 1773 natura
916 1715 959 1772 in·

78 1795 229 1858 formatusi
243 1796 321 1862 velit,
337 1795 392 1852 nisi
407 1795 594 1870 praecipienti,
612 1806 658 1851 aut
678 1795 800 1862 docenti,
817 1805 865 1851 aut
883 1794 959 1851 utili-

79 1875 143 1932 tatis
158 1895 244 1932 eausa
259 1876 337 1950 juste
361 1885 390 1931 et
410 1874 537 1949 legitime
553 1874 723 1950 imperanti:
745 1893 782 1931 ex
803 1894 860 1946 quo
881 1893 959 1949 mag·

79 1953 179 2012 nitudo
194 1954 281 2010 animi
291 1953 656 2024 exsistithumanarumque
668 1957 779 2026 rerumss
792 1953 957 2010 contemtio.

120 2034 183 2090 Nee
197 2052 264 2090 vero
280 2033 329 2108 illa
341 2052 428 2108 parva
442 2033 485 2088 vis
500 2042 605 2089 naturae
619 2044 663 2089 est
682 2033 866 2104 rationisque,
881 2030 958 2103 quod

79 2132 167 2170 unum
182 2112 237 2170 hcc
252 2113 357 2169 animal
370 2112 465 2178 sentit,
481 2111 549 2182 quid
570 2113 607 2168 sit
621 2112 691 2170 ordo
702 2114 726 2186 ;§
742 2112 811 2184 quid
831 2113 869 2168 sit
883 2109 959 2183 quod

113 2222 410 2278 *ingeneratque-emt.
443 2221 521 2283 These
542 2223 620 2267 w'ords
637 2236 676 2267 are
696 2223 746 2267 also
765 2223 902 2267 considered
928 2222 959 2277 by

79 2277 205 2323 Pacciolati
226 2290 253 2320 as
276 2289 307 2319 nn
330 2275 505 2330 interpolation·
539 2277 607 2320 After
629 2277 667 2320 the
690 2277 745 2328 first,
766 2277 805 2321 Dr.
826 2278 852 2320 Z.
873 2278 959 2320 Pearce

81 2330 182 2387 (Bislrop
195 2330 221 2373 of
235 2329 375 2390 Rocbester)
388 2329 505 2390 proposed
516 2328 554 2372 tlre
567 2329 721 2373 insertiones
733 2329 763 2373 ei·

112 2383 294 2441 †lnformotue.
328 2383 386 2426 This
405 2387 463 2425 term
480 2394 500 2425 rs
518 2383 596 2434 talren,
616 2387 659 2426 not
677 2383 737 2426 from
755 2386 897 2438 preceptore,
916 2382 959 2428 but

78 2437 139 2480 tlom
150 2439 189 2481 tlte
201 2441 305 2490 statuary
317 2448 343 2479 or
355 2435 420 2478 other
432 2434 503 2479 artist.
536 2435 668 2492 Irpbrmore
681 2448 781 2490 appears
799 2442 823 2479 to
841 2436 900 2480 have
919 2435 959 2481 tlte

78 2502 143 2534 seme
155 2501 223 2533 sense
233 2502 259 2532 as
269 2489 306 2532 the
319 2488 418 2550 original
429 2486 492 2540 verb,
502 2487 620 2544 formare.
638 2489 774 2541 Columella,
785 2489 824 2532 lib.
835 2501 865 2532 rr.
887 2491 959 2534 “Ser-

78 2542 166 2587 mentis
176 2554 299 2586 connexus
316 2542 387 2586 veluti
405 2541 471 2586 funis
487 2541 650 2586 informabitur
665 2542 691 2586 in
708 2554 762 2585 eam
780 2542 958 2588 cmssitudinem

78 2609 150 2651 quam
160 2597 236 2640 solum
244 2597 311 2639 fosse
318 2595 393 2651 possit
401 2600 513 2650 augusta,
522 2595 590 2651 quasi
598 2595 797 2639 accommodatem
808 2602 950 2640 coarctatam

78 2662 124 2704 que
136 2661 228 2704 capere.

176 2720 208 2764 Ut
219 2719 270 2762 laus
281 2721 317 2761 est
328 2729 393 2767 cera,
405 2716 483 2761 mollis
492 2717 626 2772 cedensque
637 2719 750 2771 sequetur

210 2771 234 2816 Si
246 2772 327 2815 doctos
338 2771 432 2824 digitos,
440 2769 554 2826 jussaque
566 2771 607 2813 liat
619 2783 687 2824 opus,

177 2827 208 2870 Et
217 2836 283 2869 nunc
293 2825 403 2868 informet
414 2827 523 2876 Martem,
535 2828 672 2878 castamque
684 2822 826 2876 Minervam,

210 2881 281 2923 Nunc
292 2879 408 2921 Venerem
420 2877 524 2932 effingat,
535 2889 600 2922 nune
609 2877 706 2921 Veneris
717 2870 842 2931 puemm.”

78 2946 184 2994 Animus
202 2947 255 2991 bene
273 2960 289 2993 a
304 2947 390 2992 notura
406 2945 553 3002 informatus
564 2946 613 2992 will
624 2946 738 2991 therefore
756 2958 835 3000 mean,
846 2948 896 2993 east
906 2947 931 2994 in
943 2960 960 2994 a

78 3000 316 3102 nolklliildiidiiarom
327 3064 414 3098 rerunt
432 3053 469 3109 By
477 3052 541 3098 these
547 3053 566 3097 is
573 3056 663 3108 meent,
672 3052 737 3097 what
746 3052 811 3097 other
822 3065 878 3098 men
885 3054 958 3110 prize,

63 3115 94 3144 ns
107 3105 198 3155 wcaltlr,
211 3106 312 3162 luxury.
324 3107 369 3154 &a

89 3153 104 3204 §
121 3155 193 3200 Ordo.
231 3159 344 3216 Εὖναξιας
363 3174 405 3207 see
417 3160 517 3221 chapter
531 3162 569 3207 ‘ll-
