2054 3946
98 200 159 255 alu
410 192 461 240 nr
488 190 670 239 orricirs.

99 304 148 361 sed
164 314 260 362 tamen
269 302 304 360 ad
319 314 489 371 extremum,
502 304 620 361 utilitate
632 301 764 359 offieium
776 300 871 379 dirigit
880 298 965 379 magis,
1014 290 1017 299 ¹

99 404 185 456 quam
200 384 385 441 humanitate.
426 384 545 449 Quaerit,
560 384 585 439 si
600 383 629 439 in
645 381 717 438 mari
733 382 846 457 jactura
859 380 966 439 iacienda
1010 372 1017 429 1

99 465 146 530 sit,
169 465 273 536 equine
295 463 413 539 pretiosi
434 463 530 539 potius
549 462 691 538 jacturam
711 461 808 528 faeiat,
825 480 861 519 au
881 460 967 517 serudi
1015 534 1017 539 Ι

101 544 177 599 vilia.
220 542 278 599 Hie
298 542 354 597 alio
379 560 425 597 res
448 541 608 608 familiaris,
633 540 689 597 aiio
712 539 793 597 ducit
815 540 968 599 humanitus.
1015 558 1017 569 ·

100 623 133 678 Si
145 622 267 679 tabulam
281 620 316 677 de
325 620 471 696 naufragio
483 622 586 678 stultus
598 619 759 695 arripuerit,
769 620 968 693 extorquebitne

100 720 162 757 eam
184 701 310 774 sapiens,
335 700 360 757 si
381 700 526 775 potuerit!
569 700 673 774 Negat,
689 699 758 770 quia
779 701 819 756 sit
839 698 969 773 injurium.

100 779 178 845 Quid
206 779 339 835 dominns
367 780 471 836 navis?
512 779 653 854 eripietne
680 779 787 835 suunit
844 778 969 836 Minime:

99 878 158 916 non
180 859 253 934 plus,
277 878 361 929 quani
391 859 570 933 navigantem
596 858 627 914 in
650 857 708 913 aito
731 857 838 933 ejicere
858 858 893 914 de
918 856 970 915 nari

101 938 177 1005 velit,
204 938 272 1010 quia
295 938 414 994 suasit.
457 936 559 1003 Quoad
584 937 661 993 enim
686 947 858 1011 perventum
882 937 918 993 sit
934 954 964 993 eo

100 1036 158 1089 quo
178 1027 272 1074 sumta
293 1017 373 1073 naris
394 1025 448 1083 est,
462 1036 519 1075 non
538 1016 648 1073 domini
669 1034 700 1071 es
722 1016 817 1083 naris,
839 1016 890 1073 sed
909 1034 972 1073 nau·

100 1097 237 1172 gentium.

139 1174 258 1242 Quodsi
274 1194 328 1231 una
343 1174 436 1231 tabula
447 1175 494 1239 sit,
506 1173 562 1231 dno
575 1172 714 1249 naufragi,
725 1173 806 1246 iique
820 1174 972 1251 sapientes!

101 1255 163 1312 Sibi
190 1258 307 1312 neuter*
335 1254 434 1329 rapiat.
477 1255 523 1311 An
548 1254 619 1310 alter
642 1252 724 1310 cedat
749 1254 856 1311 alteri?
896 1252 974 1311 Cedat

100 1354 187 1392 vero:
210 1333 261 1391 sed
274 1334 311 1401 ei,
326 1335 407 1409 cujus
422 1333 513 1409 magis
527 1334 639 1390 intersit
653 1333 697 1389 vei
712 1350 773 1399 sua,
790 1334 837 1391 vel
851 1332 974 1410 reipubli-

100 1434 140 1471 cae
169 1434 264 1481 cansa,
286 1414 391 1470 vivere.
438 1412 516 1478 Quid
542 1414 567 1469 si
594 1413 656 1469 haio
683 1412 762 1487 paria
791 1412 821 1470 in
841 1412 975 1485 utroque!
1015 1446 1017 1451 ·

101 1494 221 1550 Nullum
242 1493 296 1549 erit
316 1506 470 1559 certamen,
492 1492 543 1549 sed
563 1493 645 1564 quasi
674 1502 760 1556 sorte,
784 1490 975 1551 ammirando

100 1574 202 1639 victus,
218 1573 298 1629 alteri
319 1572 401 1629 cedat
420 1571 500 1629 alter.
543 1571 619 1637 Quid
640 1571 666 1628 si
687 1582 768 1647 pater
780 1572 848 1629 sana
869 1572 976 1649 expiiet,

101 1652 247 1709 cuniculos
269 1662 333 1727 agat
345 1650 379 1707 ad
395 1652 545 1707 aerarium:
568 1650 711 1708 indicetne
727 1650 756 1707 id
774 1652 976 1728 magistratibus

100 1732 201 1788 filiast
243 1732 333 1788 Nefas
356 1729 384 1786 id
406 1729 522 1802 quidem
551 1742 603 1786 est.
646 1730 724 1795 Quin
746 1731 833 1788 etiarn
855 1728 977 1789 defendat

101 1823 220 1885 patrem,
235 1812 260 1867 si
275 1821 415 1885 arguatur.
459 1810 528 1867 Non
549 1810 635 1885 igitur
648 1810 738 1884 patria
760 1822 879 1884 praestat
898 1810 977 1867 omui·

102 1891 153 1946 bus
174 1890 287 1945 officiis.
330 1888 423 1946 Immo
446 1908 532 1945 vero:
561 1889 613 1945 sed
640 1889 695 1964 ipsi
718 1890 816 1964 patriae
844 1889 977 1955 conducit,

101 1969 164 2043 pios
185 1969 262 2024 cives
285 1970 388 2025 habere
408 1968 439 2024 in
460 1979 601 2043 parentes.
649 1968 725 2034 Quid
748 1968 774 2024 si
803 1968 976 2044 tyrannidem

101 2066 249 2121 occupare,
272 2048 296 2103 si
319 2048 437 2123 patriam
459 2046 578 2122 prodere
599 2047 747 2103 conabitur
767 2050 875 2121 pater?
916 2048 979 2105 Sile·

101 2126 177 2182 bitne
195 2126 294 2182 fitiust
336 2126 429 2183 Immo
444 2146 511 2183 vero
532 2127 691 2183 obsecrabit
710 2139 833 2201 patrem,
848 2146 888 2185 ne
906 2127 934 2185 id
945 2126 979 2185 s·

101 2205 165 2262 ciat.
208 2205 240 2261 Si
262 2205 333 2262 nihil
355 2206 492 2281 proficiet,
515 2206 657 2262 accusabit
668 2205 692 2266 :i
711 2206 869 2265 minabitur
892 2207 979 2265 etiam.

101 2350 140 2395 the
157 2348 288 2404 municipe}
305 2349 352 2392 law
364 2361 395 2392 on
414 2349 454 2393 the
468 2349 560 2405 subject
578 2349 683 2394 debated.
717 2349 771 2393 The
788 2351 896 2405 practice
907 2350 934 2395 ot
946 2348 981 2393 do·

101 2404 184 2448 mestic
195 2403 286 2456 slavery
300 2402 345 2446 had
358 2415 384 2444 so
397 2403 431 2445 ter
452 2402 549 2446 btunted
567 2403 598 2464 aii
616 2402 698 2457 regard
715 2406 739 2446 to
756 2402 895 2459 hnmaniiy,
906 2404 953 2447 that
966 2402 982 2447 it

101 2457 170 2502 could
191 2456 219 2500 be
238 2455 315 2518 coolty
334 2455 427 2516 mooted
446 2468 473 2498 ae
490 2468 504 2516 n
521 2460 631 2518 question
649 2457 677 2499 of
696 2468 760 2517 some
784 2456 868 2519 doubt,
886 2456 983 2501 whether

101 2522 182 2554 aman
194 2512 222 2552 of
238 2514 310 2552 viirne
323 2520 372 2551 was
391 2508 475 2569 indeed
491 2508 594 2562 ¹nistidod
609 2522 634 2553 in
653 2509 765 2570 suffering
782 2508 819 2553 his
837 2510 916 2572 teilow
928 2522 983 2555 erra·

101 2562 370 2678 {territurium
389 2560 544 2665 'tudier
556 2566 645 2676 died}
656 2561 775 2677 didit
796 2562 905 2679 datust
918 2564 984 2661 'itt

102 2673 159 2713 next
176 2675 293 2723 question,
304 2626 408 2730 ¹whether
422 2679 448 2710 or
464 2671 507 2710 not
524 2666 554 2711 he
567 2680 615 2710 was
630 2669 732 2729 justified
741 2680 776 2730 'm
795 2669 916 2732 throwing
927 2680 978 2713 orer

103 2722 171 2765 board
185 2735 199 2764 a
216 2721 354 2776 low-priccd
373 2732 437 2773 man,
456 2719 533 2764 rather
551 2719 607 2764 than
620 2734 634 2764 a
646 2721 793 2776 high-prieed
811 2722 891 2778 horse,
908 2736 929 2767 is
944 2722 984 2767 ies

101 2774 309 2888 dobbbfi'bi'neuten
321 2826 352 2887 al.
363 2825 439 2871 sibine
451 2826 526 2888 ieter:
544 2825 582 2869 the
595 2826 663 2870 latter
678 2826 775 2869 rendinv
787 2827 808 2871 is
819 2829 940 2890 preferred
958 2828 985 2883 by

102 2882 196 2942 I‘eurce²
208 2880 340 2929 recentati,
352 2879 373 2923 J.
384 2881 419 2923 111.
432 2881 566 2932 Heusinger
582 2880 628 2939 and
647 2860 783 2940 Gernhard:
803 2880 853 2942 salii
869 2884 941 2933 uter,-
956 2880 985 2937 by

103 2935 205 2976 Ernesti.
235 2931 304 2994 ,Each
316 2932 344 2975 of
353 2931 392 2975 the
404 2936 451 2975 tivo
459 2932 526 2975 latter
535 2932 644 2986 readings
655 2944 757 2986 requires
767 2933 807 2977 the
819 2936 984 2991 interrogation

101 2990 126 3028 ιο
135 2985 365 3099 iedchbbdbiid'ssy
378 3037 424 3080 this
436 3050 491 3092 may
504 3036 532 3080 be
544 3041 631 3088 meant,
641 3041 665 3082 to
677 3037 808 3092 reprehend
822 3039 861 3103 his
873 3041 986 3089 setheum

104 3090 435 3199 'ipissffbibhpddssissbia
445 3091 505 3187 'dd
513 3090 986 3198 ddidimusrtaddaudu

97 3144 164 3253 iiihy
174 3210 234 3255 may
245 3197 263 3243 it
273 3203 320 3244 not
332 3197 360 3244 be
372 3199 430 3244 read
440 3197 633 3252 interrogatireiu
644 3209 656 3248 ¹,
669 3195 807 3239 seminudi
980 3176 987 3191 ’

67 3282 102 3336 h
