2054 3946
344 467 482 514 Lln.111.
517 468 687 512 caum.
898 475 956 529 207

68 596 146 644 esse,
160 578 211 650 qui
225 577 324 653 prosit,
341 577 444 650 quibus
459 577 566 654 possit;
588 588 690 634 noceat
711 578 827 644 nemini,
843 579 898 634 nisi
918 579 956 634 la·

68 658 193 715 cessitas
208 657 320 733 injuria.
363 656 440 722 Quid
455 658 542 733 ergo?
564 657 611 713 hic
627 676 684 713 non
699 668 809 723 noceat,
825 658 873 728 qui
889 677 957 729 quo·

70 737 136 794 dam
150 738 233 809 quasi
247 741 373 794 veneno*
392 738 528 812 perficiat,
544 749 575 793 ut
590 754 671 793 veros
694 735 811 792 heredes
833 748 956 804 moveat,

70 817 101 875 in
125 834 224 873 eorum
250 817 344 873 locum
369 817 431 891 ipse
454 815 608 872 succedat?
660 816 729 873 Non
754 817 840 892 igitur
861 816 955 882 saciat,

70 895 175 953 dixerit
195 897 270 967 quis,
287 895 361 967 quod
377 896 445 952 utile
460 896 506 963 sit,
522 895 598 968 quod
613 896 766 972 expediat?
808 896 901 952 lmmo
915 897 958 952 in·

71 976 189 1051 telligat‚
206 975 277 1032 nihil
301 994 353 1031 nec
368 975 514 1050 expedire,
528 995 580 1032 nec
596 977 662 1032 utile
677 994 750 1042 esse,
767 975 843 1046 quod
858 976 896 1032 sit
916 976 958 1032 iu·

71 1056 202 1132 justum:
233 1056 288 1111 hoc
310 1054 359 1127 qui
384 1073 442 1112 non
468 1055 607 1122 didicerit,
630 1057 720 1112 bonus
747 1056 790 1111 vir
816 1074 879 1112 csse
899 1074 957 1112 nou

70 1136 185 1213 poterit.

113 1213 271 1271 Fimbriam
299 1214 491 1275 consulareml
519 1213 666 1270 audiebam
691 1213 726 1270 de
754 1226 831 1290 patre
860 1223 957 1272 nostro

70 1311 152 1370 puer,
170 1293 298 1370 judicem
321 1294 365 1350 M.
386 1293 500 1350 Lutatio
527 1294 648 1350 Pinthiae
672 1293 772 1360 fuisse,
788 1295 877 1366 equiti
900 1294 957 1350 Ro-

70 1391 157 1431 rnano
172 1392 240 1429 saue
256 1373 386 1438 honesto,
399 1393 464 1429 cum
478 1374 502 1429 is
518 1373 704 1448 sponsionem
720 1374 843 1440 lecisset,
860 1392 892 1430 Νι
908 1392 958 1431 vra

71 1471 165 1513 nouus
192 1456 318 1525 assur:‡
343 1453 437 1524 itaque
459 1453 486 1508 ei
507 1451 615 1509 dixisse
637 1452 803 1520 Fimbriam,
825 1473 855 1509 se
879 1453 957 1510 illam

70 1550 131 1589 rem
146 1551 290 1603 nunquam
308 1531 520 1607 judicaturum
544 1551 578 1588 ne
595 1542 641 1586 aut
656 1532 791 1606 spoliaret
805 1534 879 1589 lama
893 1551 957 1607 pro·

70 1611 167 1669 batum
192 1611 349 1677 hominem,
369 1612 393 1667 si
423 1623 521 1668 contra
541 1610 719 1686 judicasset;
749 1623 798 1668 aut
824 1613 957 1668 statuisse

71 1690 224 1757 videretur,
236 1691 327 1746 virum
339 1692 445 1747 bonum
461 1710 524 1746 esse
540 1691 674 1762 aliquem,
689 1710 752 1747 cum
768 1710 801 1746 ea
815 1710 860 1747 res
876 1691 957 1747 inuu-

70 1770 255 1827 mutabilibus
281 1769 384 1826 offioiie
411 1781 439 1826 et
468 1770 599 1827 laudibus
627 1771 827 1827 contineretur.
879 1770 957 1829 Huic

71 1850 158 1927 igitur
179 1851 241 1906 viro
261 1850 347 1914 bono,
363 1868 448 1920 quem
470 1850 597 1906 Fimbria
611 1849 706 1914 etiam,
723 1868 779 1906 non
801 1849 886 1906 modo
904 1849 957 1905 So·

71 1939 162 1987 crates
176 1928 388 1995 noverat‚nullo
404 1929 488 1986 modo
510 1928 599 1986 videri
614 1939 709 2002 potest
723 1928 877 2001 quidquam
892 1947 956 1985 esse

71 2009 151 2075 utile,
167 2009 243 2080 quod
264 2027 320 2065 non
347 2008 500 2065 honestum
524 2009 571 2064 sit.
624 2008 722 2079 Itaque
743 2009 807 2064 talis
834 2010 876 2064 vir
899 2028 957 2067 uon

71 2087 174 2161 modo§
199 2088 303 2155 facere,
317 2086 369 2143 sed
393 2107 427 2144 ne
451 2089 574 2164 cogitare
596 2087 712 2160 quidem
734 2088 887 2160 quidquam
910 2108 957 2145 au-

72 2166 159 2233 debit,
170 2167 245 2239 quod
261 2187 319 2224 nou
334 2167 434 2224 audeat
446 2168 609 2242 praedicere.
652 2167 724 2224 Haec
738 2187 795 2224 non
811 2181 890 2243 turpe
902 2177 957 2234 est,

71 2246 199 2304 dubitare
212 2247 412 2323 philosophos,
429 2266 491 2318 quae
506 2267 542 2305 ne
565 2247 663 2304 rustici
678 2247 794 2320 quidem
809 2248 957 2306 dubitent?

71 2327 205 2399 aquibus
220 2338 315 2382 natum
331 2336 375 2382 est
388 2326 427 2392 id,
438 2326 514 2398 quod
529 2328 679 2384 contritum
695 2337 739 2384 est
747 2338 883 2384 vetustate
893 2347 958 2403 pro·

71 2407 219 2463 verbium:
242 2406 404 2462 cumcuim
426 2405 510 2463 fidem
532 2406 652 2481 alicujus
674 2408 884 2478 bonitatemque
898 2409 957 2464 lau·

71 2484 150 2554 dant,
166 2486 282 2561 dignum
304 2505 368 2543 esse
384 2485 491 2553 dicunt,
507 2487 622 2558 quicum
645 2487 674 2543 iu
697 2488 819 2543 tenebris
842 2487 955 2555 micesll

105 2630 119 2658 *
132 2625 310 2680 Qui-canetae.
344 2626 411 2682 Acts
418 2627 448 2682 by
458 2638 521 2672 acme
532 2626 612 2681 magia
623 2628 670 2672 ort.

103 2679 266 2742 wiquerium
276 2681 438 2742 'consulerem
473 2680 561 2742 Lucius
578 2680 681 2725 Fimbria
696 2693 748 2724 was
766 2680 886 2735 colleague
901 2680 957 2725 with

69 2733 97 2779 C.
107 2735 208 2786 Marius,
220 2745 244 2777 m
258 2733 294 2776 his
304 2733 392 2776 second
405 2734 551 2788 consulship,
564 2735 593 2778 A.
601 2735 631 2778 U.
639 2735 664 2777 C.
675 2734 727 2778 649.

103 2790 116 2839 ss
133 2785 381 2840 spondulum-esser.
414 2788 444 2831 In
461 2788 499 2831 the
510 2799 616 2841 procrees
627 2787 655 2830 of
661 2799 674 2830 a
687 2788 779 2831 Roman
792 2787 840 2829 suit
860 2790 884 2830 at
904 2787 958 2842 law,

70 2852 102 2885 an
110 2844 327 2936 pingpgementfwtps
335 2839 595 2936 prppsiotnallytenterpld
604 2840 662 2935 iptp‚
671 2852 718 2882 ora
727 2839 756 2882 de
775 2840 820 2933 opit
831 2840 859 2935 pp}
869 2852 957 2937 rpopcy

69 2904 142 2991 {tter
155 2905 186 2988 nl
193 2905 303 3008 {dibu
315 2904 761 3008 tlettttffttttttttat‚tlt
777 2904 875 2989 lilla
888 2906 958 2991 {ahl

69 3003 115 3044 not
125 2999 234 3044 establrsh
252 3011 318 3042 some
335 3002 421 3042 certam
435 3004 509 3054 point,
523 2999 552 3052 by
564 2999 638 3054 proof.
672 3001 709 3043 On
727 2997 766 3042 the
780 3003 875 3052 present
891 3012 958 3044 occa·

69 3052 157 3106 aion,it
168 3051 246 3095 would
258 3064 322 3095 seem
335 3053 386 3095 that
397 3052 585 3106 Pintbin,whoee
598 3052 717 3095 character
725 3050 826 3112 perhaps
839 3052 884 3095 hed
897 3051 957 3097 bceu

70 3105 209 3167 impugned
220 3105 251 3167 by
263 3105 302 3148 the
319 3108 390 3148 terme
401 3106 428 3148 of
442 3105 487 3148 this
503 3105 603 3159 spanaio.
615 3104 700 3159 agrced
713 3109 737 3148 to
754 3104 830 3147 forfeit
839 3117 856 3166 'a
868 3106 957 3166 ccrtpln

69 3170 133 3212 sum,
141 3171 165 3201 tn
179 3171 231 3202 case
239 3162 259 3254 dt
271 3158 341 3202 could
351 3158 379 3202 be
392 3158 479 3212 proved
490 3158 540 3202 that
552 3157 581 3201 he
592 3170 641 3202 was
653 3161 696 3202 not
706 3171 721 3202 a
733 3170 790 3202 man
803 3159 831 3201 ol
837 3163 958 3214 integrity.

90 3318 96 3328 ‚
105 3212 120 3318 l?
131 3212 241 3309 lv'elllffll
248 3213 546 3325 rhiecdorrllhldrl'hldgoellld
551 3264 588 3326 pla
607 3265 635 3307 ed
644 3264 675 3319 by
683 3268 731 3308 two
736 3275 843 3326 persone,
852 3263 891 3307 tlte
899 3262 958 3307 wirr-

70 3331 131 3372 ntng
139 3318 166 3360 of
174 3317 249 3360 which
261 3317 384 3373 depended
396 3330 427 3361 on
435 3330 546 3372 gueserna
557 3276 649 3372 rightly,
657 3318 727 3362 atthe
735 3322 829 3371 metant,
837 3317 958 3378 tirenum·

71 3373 112 3415 ber
122 3371 149 3414 ns
157 3371 243 3424 fingere
255 3370 371 3424 suddenly
379 3371 493 3414 extended
503 3371 535 3426 by
541 3371 597 3414 both
610 3374 740 3426 personent
749 3382 816 3414 once.
845 3371 868 3414 lt
876 3381 897 3412 re
908 3369 958 3413 eard

69 3429 95 3469 to
107 3424 136 3468 be
147 3427 188 3478 yet
200 3424 224 3466 in
236 3436 278 3466 use
291 3424 315 3469 iu
324 3425 392 3485 Italy,
400 3423 475 3486 under
486 3423 525 3468 the
537 3436 608 3486 npme
616 3425 643 3468 of
651 3425 675 3469 lo
686 3426 758 3487 Moru
765 3443 776 3476 ,-
789 3424 870 3486 nudjn
878 3422 916 3477 Ty

70 3476 197 3523 underthe
210 3476 481 3533 namcothngereptel.
516 3477 576 3522 This
588 3478 864 3524 amusementrsaleutn
911 3522 914 3527 .
