2054 3946
96 242 133 295 05
412 234 459 278 na
480 232 655 278 onereris.

96 354 185 400 tantes
210 344 311 400 leniter
331 354 447 400 curant:
474 345 650 420 gravioribus
677 351 771 397 autem
797 339 906 397 morbis
926 358 971 416 pe·
1009 410 1013 419 .

94 425 231 480 riculosas
255 425 414 480 curationes
442 434 471 480 et
497 425 634 499 ancipites
662 421 795 477 adhibere
824 434 962 497 coguntur

94 504 199 568 Quare,
225 505 254 559 in
278 504 438 574 tranquillo,
465 514 663 578 tempestatem
691 500 838 557 adversam
865 510 969 575 optare.

94 582 233 638 dementis
255 594 317 648 est;
339 583 489 639 subvenire
511 596 603 639 autem
626 581 786 656 tempestati
810 583 913 650 quavis
932 598 971 637 ra·

94 663 181 727 tione,
202 663 359 737 sapientis:
382 681 473 734 eoque
494 663 595 737 magis,
617 665 643 718 si
667 662 732 736 plus
754 658 923 737 adipiscare,
942 676 970 717 re

93 742 245 816 explicata,
268 743 345 807 boni,
368 761 453 812 quam
475 742 644 808 addubitata,
661 741 758 797 mah*
800 738 970 798 Periculosa

93 833 187 877 autem
211 841 304 877 rernm
325 822 460 877 actiones·
472 824 573 896 partim
596 822 631 877 iis
652 831 727 885 sunt,
743 820 793 891 qui
815 836 864 877 eas
885 818 971 875 susci-

95 902 186 975 piunt,
208 902 309 975 partim
337 900 511 975 reipublicae.
553 901 683 971 Itemque
708 899 756 955 alii
781 899 817 955 de
836 898 904 964 vita,
925 896 971 955 alii

93 979 128 1035 de
155 981 244 1053 gloria
272 991 301 1035 et
331 980 528 1036 benevolentia
556 981 660 1037 civium
687 979 716 1036 in
743 978 898 1035 discrimen
926 996 971 1033 ro·

93 1070 200 1115 cantur.
242 1060 416 1115 Promtiores
443 1061 528 1135 igitur
552 1060 689 1116 debemus
711 1058 790 1119 esse†
818 1057 854 1113 ad
879 1066 971 1113 nostra

93 1138 228 1212 pericula,
244 1158 328 1210 quam
343 1138 376 1194 ad
392 1140 564 1206 communia,
578 1138 769 1210 dimicareque
784 1137 927 1212 paratiusss
937 1134 970 1193 de

93 1218 200 1274 honore
214 1229 242 1273 et
255 1218 354 1293 gloria,
369 1237 454 1290 quam
469 1218 503 1275 de
515 1219 616 1275 ceteris
631 1216 801 1275 commodis.

132 1296 244 1353 Inventi
259 1311 352 1353 antem
368 1299 537 1364 multisunt,
554 1298 601 1369 qui
624 1317 680 1354 non
702 1297 788 1354 modo
810 1295 969 1371 pecuniam,

92 1376 142 1432 sed
158 1377 243 1433 vitam
265 1378 349 1433 ctiam
371 1377 541 1451 profundere
563 1397 614 1452 pro
636 1379 725 1452 patria
746 1377 835 1450 parati
857 1386 970 1440 esseut;

93 1454 177 1512 iidem
193 1457 290 1531 gloriae
306 1457 446 1532 jacturam
461 1476 496 1513 ne
511 1457 659 1513 minimam
678 1456 793 1528 quidem
809 1456 902 1511 facere
916 1453 971 1510 vel·

92 1536 217 1601 lentae
240 1536 384 1611 republica
404 1536 518 1607 quidem
541 1538 710 1611 postulante.
754 1535 794 1592 Ut
815 1532 972 1590 Callicrati·

92 1615 169 1688 das‚§
184 1617 233 1687 qui
248 1636 312 1672 cum
335 1615 617 1672 Lacedaemoniorum
640 1614 697 1672 dux
719 1615 806 1681 essetll
830 1615 971 1689 Pelopon·

125 1712 138 1739 *
158 1707 184 1750 Si
211 1707 340 1751 lar-mati
347 1720 355 1746 :
374 1707 452 1763 ifpnu
463 1707 546 1752 receive
558 1718 620 1751 more
633 1706 716 1763 berufit
729 1708 758 1762 by
770 1705 928 1760 terminattug
939 1704 973 1751 rte

93 1760 169 1822 affair,
178 1722 237 1805 idun
249 1761 301 1809 cuit,
314 1763 343 1815 by
354 1761 468 1821 bringing
480 1761 497 1804 tt
509 1761 559 1822 into
572 1761 670 1822 buzord.
700 1760 755 1822 ¹The
763 1758 972 1821 useloferplieurt,

93 1826 117 1857 rn
133 1815 170 1856 the
189 1826 256 1856 sense
271 1814 298 1856 ot
312 1815 464 1868 compienne,
477 1814 625 1868 liquidatrmr,
638 1818 798 1865 terminatmg,
809 1825 830 1855 rs
845 1818 888 1855 not
903 1812 971 1855 infre·

92 1870 173 1920 quent.
207 1868 284 1909 “Peto
297 1879 312 1909 a
324 1871 345 1909 te
358 1872 384 1910 ut
395 1867 446 1922 ejus
460 1868 554 1919 negotia
569 1868 675 1921 explices
692 1872 715 1910 et
729 1865 911 1921 expedias‚tum
920 1864 971 1926 jum

93 1924 122 2017 ΞΕ
131 1924 253 1974 potestate,
261 1924 311 1962 tum
322 1919 391 1963 ctiam
403 1921 539 1964 auctoritate
551 1926 575 1965 et
586 1921 684 1965 consilio
693 1921 758 1964 tuo.”
792 1920 839 1974 Ep.
846 1920 914 1964 Fam.
925 1930 972 1963 ιω.

126 2024 142 2082 †
160 2024 392 2071 eremitae-aie.
426 2027 477 2071 The
491 2027 667 2081 interpretation
680 2027 756 2070 which
775 2038 840 2068 some
851 2034 972 2069 commen·

93 2081 163 2122 tators
175 2079 233 2120 have
243 2083 287 2132 put
298 2090 328 2121 on
343 2079 389 2122 this
397 2093 494 2135 passaue
507 2094 607 2135 appears
618 2087 642 2125 to
655 2081 731 2123 bathe
743 2080 816 2122 direct
827 2076 971 2132 oppisttcol

94 2132 123 2175 its
134 2131 259 2184 meaning3
276 2131 353 2175 which
363 2133 391 2185 is,
400 2133 450 2176 that
464 2133 505 2176 We
512 2134 585 2188 ottgbt
596 2135 617 2179 tn
629 2134 654 2178 bc
665 2145 726 2178 more
736 2133 809 2187 ready
816 2131 972 2177 tomuouuier

93 2186 185 2238 danger
196 2186 319 2239 (retractares,
330 2186 389 2230 then
400 2188 423 2231 to
435 2198 518 2240 emtione
530 2189 552 2232 to
564 2190 655 2241 (tunger
668 2188 702 2231 tbc
712 2186 794 2242 panta
804 2186 874 2229 retent.

125 2242 137 2289 ss
154 2238 275 2282 Paralius.
308 2242 344 2283 On
357 2239 395 2283 the
408 2240 526 2293 authority
538 2241 565 2283 ot
573 2254 618 2284 nne
626 2243 682 2293 Ma,
692 2243 714 2285 J.
723 2243 748 2284 F.
757 2238 891 2290 Heusinger
898 2238 971 2291 reads,

96 2292 200 2346 porciae.
234 2292 284 2334 Tire
302 2297 398 2346 present
414 2293 518 2343 reading,
532 2295 631 2337 restored
646 2295 674 2348 by
688 2292 847 2345 (lembaidis
858 2291 971 2347 probably

92 2349 186 2388 correct.
221 2345 299 2389 Those
312 2359 409 2399 persons
421 2359 460 2388 arc
472 2346 563 2390 blamed
573 2347 626 2389 who
656 2348 714 2390 refer
732 2346 790 2390 their
808 2358 862 2388 own
879 2347 972 2399 reputa·

92 2398 142 2441 tion
161 2403 184 2440 to
202 2399 260 2441 their
276 2401 399 2452 country’s
416 2401 499 2452 sntety.
533 2401 620 2445 Fabius
638 2361 766 2442 hunctator
777 2399 797 2440 is
808 2396 972 2449 commended,

92 2451 214 2514 “quinon
228 2451 330 2506 ponebat
348 2465 451 2496 rumores
468 2456 523 2496 ante
541 2454 667 2497 salutem.''
702 2453 754 2496 The
771 2451 928 2512 expressi-ms.
939 2448 973 2494 div

92 2517 178 2549 mttere
189 2506 215 2548 dc
226 2505 343 2553 utrumne
354 2507 443 2556 tumne,
455 2519 494 2548 arc
504 2508 561 2550 used
572 2507 601 2560 bv
612 2507 692 2550 Cicero
701 2507 736 2548 for
744 2505 840 2559 pntting
848 2517 872 2547 m
883 2504 972 2553 danea

92 2559 284 2612 ourreputation,
297 2557 341 2602 &c
375 2559 440 2612 “Qui
459 2560 487 2602 de
506 2559 557 2605 vita.
571 2560 646 2613 glorie
665 2571 736 2602 causn
753 2558 894 2601 dimicant.”
929 2558 972 2601 Pro

92 2612 161 2658 Arcti.
174 2624 193 2655 c.
208 2614 241 2656 10.
276 2616 289 2635 ‘⁶
298 2613 359 2655 Reos
371 2612 400 2655 de
412 2613 496 2666 eapite,
509 2613 537 2656 de
550 2614 620 2665 fama,
629 2613 658 2656 dc
670 2613 769 2665 civitate,
779 2612 807 2654 dc
820 2610 929 2663 fortunis,
942 2611 972 2655 de

99 2665 167 2708 iberis
179 2666 344 2709 dimicantes.”
377 2667 422 2709 Pro
434 2667 495 2708 Sext
506 2678 526 2708 c.
539 2670 559 2709 t.

126 2719 331 2771 §Callicratidas
367 2720 428 2763 Xen.
440 2719 478 2763 lib.
490 2719 505 2762 i.
522 2719 661 2768 ‘Elaeunta
696 2719 757 2763 Plut.
785 2718 890 2773 Lysand.
905 2721 930 2763 et
945 2716 971 2761 in

93 2772 268 2826 apophthegm.
288 2775 374 2817 Lacon.

126 2824 133 2876 l
155 2827 231 2869 itaci.
264 2825 359 2869 Futwet
371 2826 391 2868 is
403 2825 441 2868 the
453 2825 550 2877 reading
558 2825 660 2879 adopted
672 2824 747 2878 bythe
758 2826 909 2872 Hennaeas.
937 2825 972 2869 Aa

92 2876 250 2921 Callicratidas
262 2891 311 2920 was
323 2879 348 2921 in
358 2879 484 2922 command
496 2884 520 2922 at
536 2880 574 2922 the
586 2879 642 2921 tirno
660 2880 687 2922 of
701 2880 739 2922 tbe
752 2880 835 2932 debat,
848 2876 971 2922 Gcrnbard

92 2932 180 2983 prefers
191 2933 255 2983 caet,
267 2931 345 2975 which
363 2932 383 2975 is
398 2931 436 2974 tbe
454 2933 551 2981 noadiae
570 2932 597 2974 ot
610 2932 649 2974 the
662 2934 750 2976 several
762 2935 829 2976 MSS.
864 2931 916 2974 'l'ho
929 2932 972 2974 cir¹

91 2988 238 3027 enmstances
256 2996 281 3026 as
299 2985 407 3028 narrated
419 2984 450 3038 by
462 2985 598 3039 Xenophon
614 2985 660 3027 and
678 2986 745 3029 Diod.
765 2988 809 3030 Sir..
827 2984 876 3028 xiii.
892 2985 929 3029 98.
942 2985 972 3027 do

92 3041 134 3079 not
146 3037 256 3091 pert'ectty
267 3038 324 3091 tally
337 3038 392 3082 with
404 3038 470 3082 these
480 3039 504 3082 in
518 3039 556 3082 the
564 3042 620 3082 text.
654 3038 704 3082 The
714 3039 816 3082 removal
828 3038 855 3082 ot
869 3039 908 3081 thc
918 3039 972 3081 ticet

92 3100 142 3131 was
158 3094 200 3132 not
214 3091 307 3134 adciscit
322 3090 351 3145 by
364 3093 459 3136 several.
472 3093 515 3135 bnt
533 3092 620 3144 bynna
638 3104 702 3142 nran,
716 3096 828 3139 Hermon,
841 3091 895 3135 who
907 3102 971 3134 com·

87 3142 192 3185 rnanded
209 3155 223 3185 a
241 3143 317 3191 sinele
330 3145 412 3188 vescet.
447 3146 498 3189 The
509 3146 576 3199 reply
589 3146 615 3187 ot
629 3145 795 3197 Callicratidas,
807 3145 934 3195 according
946 3148 971 3188 to

79 3194 227 3247 Xenophon.
237 3210 293 3245 was.
305 3198 341 3240 ὅτι
352 3198 364 3246 ἡ
376 3198 465 3250 Σπάρτη
475 3197 535 3242 uidit
547 3201 572 3247 ul]
582 3197 654 3238 aternu
665 3197 848 3248 picturantibus
861 3198 962 3237 trannin»

67 3252 231 3368 adceperit
241 3250 265 3293 d)
274 3254 370 3304 αι’ςχρόν
381 3248 448 3297 εἶναι.
