2054 3946
338 112 407 156 LIB.
426 111 444 155 Ι.
478 112 556 155 ChP.
575 112 699 155 xxvii.
920 120 957 171 73

74 220 150 294 quod
173 221 281 288 deceat,
299 220 327 275 id
349 233 406 276 tum
433 231 558 295 apparet,
575 241 638 277 euru
662 234 824 296 antegressa
845 231 888 276 est
909 221 958 276 lm-

74 313 180 358 ucstaS.
225 303 323 372 ltaque
346 319 402 356 uon
424 303 515 356 solum
531 303 560 356 in
576 301 627 356 hae
644 315 720 375 parte
741 302 907 364 lruncstatiS,
924 300 958 356 de

73 400 131 453 qua
146 382 200 437 hoe
214 381 278 437 loco
288 379 483 436 disserendum
499 391 552 445 est,
563 381 614 435 sed
627 381 712 437 etiam
728 381 756 436 iu
773 382 860 436 tribus
876 399 958 455 supe·

73 461 227 524 rioribus*
250 459 317 531 quid
338 459 446 520 deceat,
469 471 594 534 apparet.
639 461 712 517 Nam
737 470 765 516 et
788 461 896 516 ratione
918 466 957 516 uti

74 551 159 611 atque
176 541 302 597 oratione
318 538 478 613 prudenter,
495 551 523 594 et
537 558 630 614 agere,
647 539 723 610 quod
738 559 814 613 agae,
830 539 957 595 conside·

74 631 151 675 rate:
169 621 304 691 omnique
319 620 348 674 in
362 637 402 683 re,
416 620 484 690 quid
496 619 611 683 sitveri,
623 618 718 675 videre
730 630 758 674 et
773 621 843 675 tueri
856 619 956 675 decet:

74 710 230 770 contraque
250 699 319 763 falli,
335 717 438 764 errare,
455 699 520 763 labi,
537 698 630 774 decipi
652 709 707 754 tam
729 697 856 764 dedecet,
873 719 957 770 quam

75 778 195 834 delirare
211 791 239 835 et
254 787 348 834 mente
362 796 426 833 esse
442 789 572 852 captum:
596 788 624 834 et
641 779 719 853 justa
739 780 836 835 omnia
857 779 957 835 deeora

75 869 164 923 sunt3
186 859 292 933 injusta
313 867 420 923 contra,
436 867 467 913 ut
487 859 589 931 turpia,
605 858 648 914 sie
663 857 804 914 indecora.
848 859 958 914 Similis

76 947 120 992 est
139 937 212 994 ratio
234 935 416 993 fortitudinis.
458 937 541 1002 Quod
564 938 640 993 enim
663 937 781 993 viriliter
805 939 957 1009 animoque

76 1034 180 1092 magno
194 1018 236 1083 fit,
253 1016 281 1073 id
300 1015 417 1091 dignum
432 1017 493 1074 viro
514 1027 543 1073 et
563 1016 697 1073 decorum
719 1017 848 1073 ridetur:
882 1018 958 1089 quod

76 1108 183 1162 contra,
200 1097 229 1153 id
243 1107 274 1153 ut
288 1107 380 1171 turpe,
397 1097 439 1152 sic
453 1096 630 1153 indecorum.

115 1175 212 1242 Quare
233 1177 355 1252 pertinet
376 1175 490 1246 quidem
507 1175 542 1231 ad
556 1195 670 1232 omnem
692 1175 869 1233 honestatem
892 1177 956 1241 hoc,

75 1255 153 1327 quod
175 1255 250 1322 dico,
265 1255 422 1312 decorum:
444 1268 473 1312 et
492 1256 530 1312 ita
550 1256 680 1330 pertinet,
697 1266 727 1312 ut
742 1275 798 1313 non
812 1257 957 1314 recondita

75 1334 198 1407 quadam
214 1337 321 1392 r'atione
335 1345 473 1401 cernatur,
487 1335 536 1391 sed
552 1336 632 1391 sitin
647 1346 768 1409 promtu.
811 1337 866 1392 Est
880 1338 956 1393 eninr

75 1413 223 1487 quiddam,
245 1415 331 1487 idque
353 1415 519 1490 intelligitur
539 1415 568 1472 in
589 1415 669 1470 omni
692 1416 802 1480 virtute,
819 1415 894 1486 quod
910 1416 956 1471 de·

74 1506 155 1551 ceat:
179 1494 256 1566 quod
272 1495 442 1569 cogitatione
458 1495 548 1570 magis
560 1514 577 1550 a
591 1495 691 1550 virtute
706 1504 809 1569 potest,
825 1513 910 1566 quam
926 1514 956 1551 re

73 1575 210 1650 separari.
254 1574 295 1631 Ut
309 1585 441 1630 venustas
455 1584 483 1630 et
497 1572 677 1648 pulchritudo
698 1574 826 1648 corporis
846 1575 956 1630 secerni

75 1672 133 1711 non
148 1662 243 1728 potest
257 1673 273 1709 a
287 1653 465 1710 valetudine:
488 1654 530 1710 sie
546 1654 610 1719 hoc,
626 1652 660 1708 de
675 1670 732 1724 quo
745 1654 897 1726 loquimur,
910 1653 957 1710 de·

74 1751 186 1799 eorum,
201 1741 290 1789 totum
307 1733 375 1789 illud
391 1733 506 1804 quidem
522 1744 566 1789 est
585 1751 649 1790 cum
673 1734 773 1789 virtute
794 1734 944 1791 confusum

73 1811 125 1869 sed
141 1824 236 1868 mente
251 1824 279 1868 et
293 1813 463 1888 cogitatione
479 1813 670 1887 distinguitur.

113 1892 171 1948 Est
185 1904 279 1948 autem
294 1893 356 1968 ejus
372 1891 508 1966 dscriprio
523 1892 639 1967 duplex.
685 1893 760 1950 Nam
775 1902 804 1949 et
825 1894 956 1968 generale

74 1970 219 2044 quoddam
239 1971 372 2029 decorum
394 1972 589 2048 intelligimus,
606 1971 681 2044 quod
704 1973 832 2029 inomni
855 1974 956 2029 hones·

74 2062 130 2108 tete
152 2061 295 2107 versatur:
318 2062 347 2108 et
367 2051 444 2108 aliud
465 2052 532 2109 huic
553 2054 722 2128 subjeetum,
738 2052 812 2123 quud
835 2054 956 2127 pertinet

75 2130 108 2186 ad
134 2130 262 2206 singulas
285 2142 379 2205 partes
404 2131 570 2187 honestatis
613 2134 705 2202 Atque
732 2132 802 2188 illud
825 2133 956 2206 superius

74 2211 116 2266 sie
137 2210 196 2266 sere
218 2209 329 2266 deliniri
351 2211 440 2267 solet:
464 2210 597 2267 decorum
613 2211 640 2267 id
656 2230 730 2276 esse,
747 2211 823 2284 quod
837 2231 956 2268 consen·

75 2299 188 2346 laneum
211 2289 393 2347 sithominis
415 2290 601 2356 excellentia,
618 2291 646 2347 in
667 2310 712 2354 eo,
728 2293 757 2347 in
781 2311 837 2362 quo
859 2304 955 2348 natura

74 2369 136 2445 ejus
152 2389 168 2425 a
182 2369 300 2440 reliquis
315 2369 504 2426 animantibus
529 2369 648 2426 differat.
691 2371 761 2435 Quae
782 2381 875 2426 autern
890 2389 955 2445 pars

75 2448 203 2524 subjecta
223 2450 320 2524 generi
341 2458 394 2516 est,
411 2468 473 2506 eam
495 2450 537 2506 sie
558 2449 706 2515 definiunt,
722 2461 753 2506 ut
774 2449 803 2505 id
821 2449 955 2505 decorum

75 2528 163 2597 velint
177 2546 253 2594 esse,
268 2528 344 2599 quod
359 2529 398 2585 ita
412 2542 517 2586 naturae
535 2539 757 2586 consentaneum
772 2530 819 2596 sit,
833 2529 906 2584 utin
921 2546 955 2584 eo

73 2666 142 2700 sense
154 2655 183 2699 of
195 2655 264 2699 order
275 2654 402 2699 conceived
413 2655 446 2711 by
458 2655 497 2700 the
508 2655 589 2710 mind;
606 2656 645 2700 the
663 2657 777 2707 decerem,
789 2668 815 2698 as
827 2654 844 2697 it
855 2665 955 2715 appears

73 2707 97 2751 in
109 2712 155 2752 act.
189 2708 352 2761 Melanethon,
363 2710 524 2764 commenting
542 2721 571 2753 on
590 2711 636 2754 this
671 2722 758 2764 assage,
770 2707 891 2751 observes:
909 2706 955 2768 “ul

72 2761 171 2806 temese
180 2762 255 2816 possit
266 2774 296 2806 ex
308 2762 353 2806 hac
364 2761 515 2807 similitudine
528 2763 641 2817 intelligi:
676 2775 737 2806 onus
745 2761 836 2804 habitus
844 2772 953 2815 corporis¹

72 2826 115 2859 seu
125 2815 246 2867 valetudo,
261 2816 348 2859 honum
366 2815 468 2860 colorem
484 2816 570 2870 gignit:
588 2817 664 2860 maluo
676 2815 776 2868 habitus,
787 2815 875 2858 malum
894 2814 954 2857 colo·

71 2879 128 2913 rem.
164 2869 202 2912 Ita
214 2868 325 2912 honestas
341 2869 403 2945 parit
420 2869 544 2922 decorum;
560 2876 643 2923 estque
661 2870 780 2922 decorum,
790 2866 882 2929 virtutis
892 2867 955 2910 color

86 2921 177 2974 uidam,
188 2933 231 2965 seu
239 2921 343 2982 species.
354 2922 361 2944 ’
396 2923 419 2966 It
429 2928 493 2966 must
505 2922 533 2966 be
542 2922 665 2966 consessed
674 2922 723 2966 that
735 2921 773 2966 the
782 2919 914 2964 remarnder
922 2920 950 2963 ol

70 2980 79 3018 t
95 2975 115 3020 ie
127 2973 226 3030 chapter
238 2987 257 3017 re
268 2974 373 3028 obscure,
384 2975 433 3020 and
449 2988 550 3032 appears
561 2980 584 3020 to
596 2975 691 3020 contein
703 2978 787 3019 matter
802 2974 830 3017 os
842 2979 885 3018 not
897 2984 953 3028 very

69 3028 167 3073 erident
177 3027 289 3082 practica]
299 3027 385 3084 utility.

102 3088 115 3116 ⁴
130 3080 216 3126 Tutor
228 3081 405 3142 acceptoribus:
422 3085 465 3127 not
473 3082 530 3138 only
539 3081 565 3127 in
574 3084 734 3138 temporanee,
742 3080 783 3127 but
792 3080 816 3126 in
824 3081 944 3137 prudencie

67 3135 167 3190 'Jusucq
179 3133 228 3178 and
235 3134 351 3180 fortitude.
