2054 3946
97 197 138 253 70
414 189 463 235 nn
481 188 664 235 orarcrrs.

100 319 127 357 m
143 298 297 375 puniendo.
340 298 507 371 Numquam
527 299 615 364 enim,
630 299 718 357 iratus
739 299 789 371 qui
810 296 928 357 accedet
946 298 977 357 sd

99 398 223 454 poeuam,
247 377 470 435 mediocritatem
499 379 578 437 illam
607 379 723 445 tenebit,
748 398 813 451 qnae
841 388 887 435 est
910 378 977 437 inter

97 459 220 515 nimium
239 469 268 514 et
285 477 404 531 parum;
428 477 492 530 quae
507 459 600 533 placet
618 458 838 533 Peripateticis3
859 466 889 515 et
908 468 978 515 recte

99 540 201 614 placet,
230 537 315 595 modo
343 556 381 594 ne
409 537 558 595 laudarent
587 538 772 603 iracundiam,
800 546 831 595 et
856 536 978 595 dicerent

99 618 205 674 utiliter
229 637 246 673 a
266 629 364 673 natura
384 616 487 673 datam.
529 616 582 674 llla
602 636 672 674 vero
691 619 826 675 omnibus
847 617 880 674 in
899 618 978 675 rebus

100 695 274 771 repudianda
298 707 354 762 est,
374 696 597 771 optandumque,
615 707 647 752 ut
667 697 698 763 ii,
712 696 763 769 qui
784 706 913 772 praesunt
930 696 979 753 rei·

101 776 231 851 publicae,
247 776 344 850 legum
365 776 474 833 similes
496 777 581 842 sinu*
603 794 670 847 quae
681 776 716 833 ad
730 775 910 852 puniendum
926 794 979 833 nnn

100 855 257 922 iracundia,
273 854 325 910 scd
340 856 473 926 acquitate
484 854 633 912 ducuntur.

102 982 192 1041 OAP.
219 982 331 1040 XXVI.
361 981 542 1040 Modestinus
569 988 595 1039 et
624 980 721 1040 animi
740 980 982 1058 'aequabilitatem

140 1063 216 1120 visis
228 1062 414 1139 principibus
427 1061 599 1119 concreatae:
614 1062 647 1119 io
657 1060 885 1119 secundissimis
899 1060 982 1119 rebus

142 1142 263 1200 consilio
279 1142 443 1200 criticorum
458 1141 601 1199 utendum
616 1160 689 1199 esse.

140 1257 247 1317 Areon
272 1253 357 1310 etiam
380 1255 410 1311 in
432 1256 516 1311 rebus
539 1254 684 1329 prosperis
706 1252 791 1311 etad
810 1254 982 1311 voluntatem

100 1346 226 1393 nostram
249 1333 413 1402 fluentibus,
428 1334 601 1408 superbiam,
616 1332 762 1389 fastidium
784 1334 981 1409 arrogantiam·

102 1434 158 1487 que
182 1432 286 1489 magno
307 1414 407 1488 opere†
428 1413 580 1488 fugiamus.
623 1413 701 1469 Nam
721 1422 753 1469 ut
772 1411 909 1469 adversas
928 1430 981 1477 res,

101 1495 144 1552 sie
158 1493 297 1551 secundas
319 1492 504 1551 immoderate
521 1492 605 1558 ferre,
618 1492 741 1549 levitatis
755 1501 816 1547 est:
839 1492 983 1567 praeclara·

102 1593 158 1647 que
172 1584 217 1630 est
230 1573 404 1645 aequabilitas
419 1573 448 1628 ia
463 1572 542 1629 omni
556 1572 623 1637 vita,
633 1580 663 1627 et
675 1570 750 1627 idem
762 1588 880 1644 semper
891 1572 982 1627 vultus

102 1652 259 1724 eademque
272 1653 360 1714 frons,
375 1662 407 1708 ut
427 1651 463 1707 de
483 1651 616 1723 Socratess
636 1651 761 1722 itemque
776 1648 813 1705 de
826 1648 865 1707 Ο.
879 1650 983 1723 latios

102 1732 275 1806 accepimus
317 1730 486 1806 Philippum
512 1730 628 1802 quidem
656 1729 851 1787 Macedonum
877 1748 982 1805 regem,

101 1813 186 1869 rebus
201 1811 289 1886 gestis
309 1820 338 1866 et
351 1811 442 1885 gloria
454 1823 617 1884 superatum
631 1828 647 1865 a
661 1810 731 1875 filio,
747 1807 883 1865 facilitate
894 1819 924 1866 et
936 1808 982 1865 hu·
1021 1806 1023 1811 ’

102 1890 237 1948 manitate
246 1889 330 1946 video
344 1891 520 1965 superiorem
536 1888 635 1945 fuisse.
676 1888 775 1960 ltaque
789 1888 861 1945 alter
872 1906 983 1965 semper

102 1989 234 2045 maguus,
256 1970 325 2025 alter
346 1988 422 2044 saepe
443 1969 644 2043 turpissimus:
672 1976 705 2025 ut
728 1977 804 2024 recte
829 1969 982 2044 praecipere

105 2050 260 2117 videantur,
276 2050 325 2121 qui
351 2058 478 2114 monent,
501 2059 540 2114 ut,
563 2057 668 2120 quanto
689 2047 853 2122 superiores
874 2066 982 2113 sumus,

103 2140 180 2186 tanto
208 2149 260 2185 nos
288 2147 418 2204 geramus
447 2130 628 2185 submissius
683 2127 828 2184 Panaetius
856 2128 983 2199 quidem,

101 2209 278 2274 Africanum,
294 2208 451 2265 auditorem
473 2219 501 2263 et
521 2208 688 2264 familiarem
703 2226 798 2273 suum,
814 2207 934 2264 solitum
947 2205 984 2263 ait

103 2288 206 2353 dicere,
221 2298 252 2345 ut
269 2307 369 2359 equos,
386 2298 502 2362 propter
522 2290 633 2344 crebras
654 2287 853 2343 contentiones
876 2286 984 2363 praelio·

102 2387 165 2424 rum
179 2368 324 2425 ferocitate
337 2368 524 2434 exsultantes
538 2367 723 2424 domitoribus
739 2365 849 2422 tradere
864 2366 984 2433 soleant,

135 2510 257 2554 *Similes
267 2510 326 2554 star.
359 2510 510 2555 “Priscedam
523 2510 547 2554 iu
561 2509 665 2555 tribunal
682 2521 732 2553 non
748 2509 838 2562 furens,
854 2520 902 2554 nee
918 2508 985 2555 inus·

102 2567 146 2614 tus,
158 2564 200 2609 scd
211 2564 279 2608 vultu
290 2563 374 2617 legis.’'
410 2568 495 2609 senec.
504 2564 543 2608 lib.
554 2565 570 2608 i.
582 2565 610 2608 ds
622 2566 680 2608 hac.
694 2564 731 2608 16.
736 2576 760 2618 p.
774 2563 809 2607 m.

414 2663 566 2707 Cllfll’TEll
586 2664 674 2708 XXVI.

132 2734 257 2791 †Muguo
272 2743 346 2788 opere.
386 2733 414 2776 ln
435 2730 505 2786 chap.
526 2732 559 2776 xi.
577 2732 656 2776 Cicero
673 2745 730 2777 uses
746 2732 813 2778 fonto
831 2738 920 2789 opere}
939 2732 985 2777 and

101 2787 407 2841 etsewuereasmtoapere,·
424 2786 516 2840 quriuto
528 2797 602 2846 opere.
1007 2838 1011 2845 ι

133 2846 145 2890 ss
159 2843 194 2886 De
207 2842 305 2886 Sacrate.
338 2842 352 2864 “
361 2842 418 2884 Hauc
430 2850 505 2892 usque
516 2851 546 2881 eo
554 2850 661 2882 animum
679 2839 780 2882 Socratis
790 2851 840 2882 uon
853 2842 986 2893 moverunt,

100 2897 127 2937 ut
138 2906 169 2938 ns
180 2896 272 2937 vultum
284 2893 380 2946 quidem
391 2892 513 2936 moverint.
548 2892 616 2934 Illam
622 2891 751 2935 mirabilem
763 2893 861 2936 laudem
869 2898 894 2937 et
905 2894 985 2949 singu·

100 2946 173 2990 larem
184 2959 259 3002 usquc
272 2947 301 2989 ad
314 2952 447 2989 extremum
456 2945 567 3005 servavit:
586 2956 635 3005 non
645 2945 775 2989 hilariorem
786 2946 925 3001 quisquam,
936 2956 985 2991 uon

89 2999 376 3097 {ffssffifmpdfflflelng
388 2998 460 3053 vidit;
475 2999 572 3053 aequalis
581 2998 626 3041 furt
643 2997 669 3041 in
684 3003 750 3043 tanta
765 2998 926 3055 inaequalitate
942 3000 985 3045 for·

105 3155 110 3164 ,
134 3083 287 3165 §emtas
309 3065 451 3159 iiae'cuap.
469 3116 529 3148 xxx.
564 3103 653 3148 “urim
672 3116 697 3146 sa
710 3103 788 3164 ¹anm
808 3106 892 3150 aare„
927 3108 984 3152 nor.

79 3155 171 3254 giving}
177 3159 228 3256 Sps.
236 3171 258 3258 ὅ
268 3160 305 3258 Ίὲ.
317 3158 402 3260 56{his
414 3171 465 3204 was
482 3157 522 3203 the
539 3168 649 3214 younger
659 3117 756 3210 nala,
764 3159 885 3211 etardum
903 3160 932 3207 of
944 3160 984 3206 tlt·

169 3241 175 3261 9
217 3243 224 3256 Ι
257 3242 266 3257 0
300 3245 306 3258 Ι
367 3247 375 3260 ο
