2054 3946
104 193 158 247 135
426 185 474 230 nu
496 185 672 231 oratoris.

100 315 220 362 morum,
244 293 298 371 (sic
323 296 399 353 enim
421 291 608 373 accepimus‚)
624 294 730 367 quibus
752 294 931 371 praeeipiuut,
946 306 972 355 ut
1018 290 1021 337 ῗ

99 378 225 433 oratioue
239 377 362 451 benigna
376 374 566 431 multitudinis
580 375 690 431 animos
706 373 742 431 ad
755 376 972 435 benevolentiam

99 457 231 519 alliciant,
242 457 407 526 militesque
418 454 521 511 blande
533 452 703 529 appellando
715 452 873 511 deleniant.
914 456 973 521 Quat
1018 512 1021 523 ,

99 546 193 593 autem
209 536 238 591 iu
259 535 438 591 multitudine
453 552 518 589 curn
539 534 721 590 contentione
738 534 861 592 habetur
874 536 974 601 oratiot
1018 564 1021 571 ·

99 634 133 671 ea
145 634 220 689 saepe
235 616 396 672 universam
410 614 523 669 excitat.
566 613 674 688 Magna
685 623 730 669 est
741 614 821 671 euim
837 614 976 673 admiralio

99 696 215 768 copiose
237 695 436 768 sapienterque
458 693 598 749 dicentis:
622 711 707 763 quern
726 693 776 764 qui
799 693 928 761 audiunt,
941 694 976 751 iu·

101 774 224 848 telligere
240 774 325 830 etiam
343 782 371 828 et
392 791 491 847 sapere
514 771 588 845 plus,
604 790 690 842 quam
711 783 836 839 cetoros,
853 774 977 831 arbitrtu·

99 863 152 909 tur.
195 852 227 907 Si
243 871 309 909 vcro
322 853 396 908 inest
410 853 578 908 irroratione
593 852 682 906 mixta
691 852 841 909 modestiae
852 852 977 929 gravitas,

100 932 172 989 nihil
186 931 378 988 admirabilius
394 932 455 988 fieri
470 941 581 1007 potest;
604 949 695 1001 eoque
711 933 814 1007 magis,
831 932 859 989 si
874 951 909 989 ea
920 942 979 989 sunt

99 1012 128 1071 in
144 1011 331 1068 adolescente.

140 1089 206 1154 Sed,
223 1110 287 1147 curn
304 1091 361 1148 siut
375 1090 455 1165 plura
470 1108 618 1147 causarum
639 1108 753 1164 genera,
770 1109 836 1162 quae
852 1090 980 1163 eloquen-

99 1171 167 1227 tiam
191 1170 361 1236 desiderant,
379 1170 518 1240 multique
540 1170 569 1225 in
593 1180 688 1225 nostra
708 1170 859 1243 republica
877 1170 979 1228 adoles·

99 1263 195 1306 centes
206 1262 234 1306 et
243 1249 317 1325 apud
326 1249 449 1325 judices,
462 1260 490 1305 et
500 1248 573 1323 apud
586 1260 725 1314 senatum,
736 1248 862 1307 dicendo
872 1250 979 1307 laudem

100 1331 221 1386 assecuti
235 1331 301 1397 sint,
316 1329 441 1385 maxima
452 1341 496 1384 est
510 1327 656 1384 admiratio
668 1328 698 1384 in
707 1328 847 1405 judiciis:
865 1346 979 1401 quorum

99 1411 171 1467 ratio
186 1408 294 1485 duplex
307 1419 358 1465 est.
402 1409 477 1466 Nam
500 1426 536 1464 ex
552 1408 732 1489 accusatione
746 1421 776 1465 et
796 1408 980 1467 defensionne

100 1500 225 1547 constat:
256 1507 375 1560 quarum
397 1488 451 1545 etsi
472 1486 640 1545 laudabilior
661 1497 705 1543 cst
725 1487 868 1555 defensio,
892 1500 979 1545 tamea

101 1570 242 1627 accusatio
264 1569 381 1643 probata
406 1586 533 1641 persaepe
555 1576 607 1622 cst.
649 1567 721 1624 Dixi
745 1568 844 1643 paullo
865 1578 931 1625 ante
949 1566 980 1627 de

101 1649 218 1706 Crasso.
261 1648 340 1705 Idem
356 1647 423 1702 lecit
435 1645 601 1702 adolescens
614 1646 657 1702 M.
672 1648 846 1703 Antonius*
889 1647 980 1705 Etiam

101 1729 136 1786 P.
152 1728 288 1803 Sulpicii't
308 1726 499 1797 eloquentiam
521 1727 663 1783 accusatio
684 1727 846 1794 illustravit,
862 1746 930 1785 cum
942 1744 979 1783 ss·

101 1808 236 1864 ditiosum
249 1818 277 1863 et
291 1806 420 1863 inutilem
433 1805 535 1872 civem,
552 1804 588 1861 Ο.
606 1806 786 1873 Norbanum,
801 1807 832 1863 iu
842 1806 979 1883 judicium

100 1888 222 1944 vocavit.

141 1966 199 2022 Sed
220 1967 275 2023 hoc
296 1963 410 2037 quidem
432 1983 491 2021 non
512 1975 556 2020 est
576 1983 652 2039 saepe
668 1964 841 2033 faciendum,
857 1984 912 2023 neo
925 1984 979 2023 um·

101 2063 186 2116 quam
208 2047 264 2102 nisi
285 2055 333 2101 aut
353 2045 515 2120 reipublicae
537 2063 632 2110 causa,
647 2055 678 2100 ut
692 2045 723 2111 ii,
739 2064 812 2116 quos
832 2054 899 2102 ante
913 2044 978 2111 dixi,

102 2138 150 2180 aut
171 2125 336 2192 ulciscendi,
352 2136 383 2181 ut
397 2123 453 2180 duo
468 2123 579 2181 Luculli
589 2127 614 2197 3ss
635 2135 682 2180 aut
703 2124 865 2199 patrocinii,
879 2135 913 2182 ut
932 2140 978 2183 not

103 2222 153 2279 pro
177 2205 282 2261 Siculis
293 2206 318 2277 ;§
339 2223 396 2281 pro
421 2202 537 2270 Sardis,
559 2222 615 2279 pro
637 2202 683 2259 M.
706 2202 832 2261 Albucio
853 2202 978 2273 Juliutll

135 2349 194 2393 tM.
212 2350 337 2394 Antonius.
371 2351 405 2393 M.
425 2351 528 2401 Antonv,
551 2348 590 2392 tlte
614 2349 742 2392 triurnvir’s
763 2349 932 2403 grandfather:
952 2348 978 2395 be

101 2403 202 2448 accuscd
215 2405 257 2446 Cn.
271 2403 375 2458 Papirius
388 2402 470 2446 Carbo.
504 2405 549 2456 Ep.
558 2402 590 2445 ix.
602 2403 640 2446 21.

133 2457 150 2509 †
162 2458 190 2501 P.
203 2456 309 2510 Sulpicii..
342 2456 393 2502 Lib.
406 2456 429 2500 ii.
442 2456 470 2498 de
483 2457 544 2499 Orat.
556 2468 576 2499 e.
585 2457 622 2499 25.
638 2455 691 2501 Lat.
704 2467 724 2498 c.
737 2458 757 2499 1.

134 2515 147 2561 ss
161 2512 215 2554 Duo
228 2511 327 2553 Luculli.
361 2510 472 2553 Servilius
491 2509 536 2551 had
555 2509 655 2552 accused
667 2509 707 2551 tlte
720 2509 793 2552 fallier
808 2509 836 2553 of
849 2511 886 2554 M.
898 2510 944 2555 and
954 2510 979 2555 l..

102 2565 216 2609 Lucullus
228 2563 254 2606 of
263 2563 387 2606 extortion.
421 2563 491 2616 They
504 2563 604 2605 accused
617 2561 728 2606 Servilius
741 2563 769 2605 of
778 2562 922 2617 peculation,
933 2562 979 2609 Lib.

102 2618 131 2661 iv.
144 2618 218 2661 Acad.
231 2630 250 2659 c.
262 2620 281 2659 l.
300 2616 393 2659 Plutia
407 2615 461 2659 vita.

101 2722 118 2767 h
134 2671 212 2766 ijro
228 2669 323 2764 Sirrtetlpr.
343 2669 471 2764 odiliming
488 2673 511 2711 to
530 2667 567 2710 his
586 2667 761 2712 accusationes
775 2670 869 2714 Verres.
904 2670 980 2714 (licem

119 2737 131 2766 Β
167 2736 218 2765 ttten
249 2735 331 2764 lllb'tll'
378 2735 423 2764 »cl
451 2753 456 2765 .

137 2776 144 2828 l
161 2735 330 2820 Pro-unliun
364 2774 413 2816 Tbe
425 2735 501 2816 uiords
513 2773 538 2817 in
551 2775 629 2817 Italics
641 2787 680 2818 are
693 2775 767 2818 found
777 2776 908 2839 unitornrly
917 2775 943 2821 in
951 2775 980 2820 all

101 2830 176 2879 MSS..
187 2834 228 2882 yet
237 2829 290 2881 tltey
302 2827 397 2871 contain
410 2826 523 2880 probably
537 2840 600 2870 morc
614 2827 671 2871 than
683 2841 728 2871 one
740 2841 811 2873 orror.
844 2832 926 2874 Julius
936 2830 980 2873 Cn·

101 2896 139 2926 sar
151 2883 240 2934 Strabo,
253 2895 279 2924 as
290 2882 328 2924 tbc
342 2886 424 2934 patron
438 2881 466 2924 of
479 2879 517 2922 thu
529 2882 605 2927 Sards.
618 2882 717 2924 accused
729 2882 756 2925 of
769 2883 896 2934 amartion,
908 2883 980 2935 Titus,

102 2941 143 2979 not
161 2939 258 2980 Marcus
278 2935 394 2986 Albutius,
410 2934 464 2975 who
487 2933 665 2993 hadtaoverued
687 2935 725 2977 tlte
747 2935 825 2978 islaud
849 2948 876 2977 as
895 2940 979 2989 praetor.

102 2990 166 3034 Brut.
176 2990 212 3033 26.
249 2989 300 3032 l'in.
313 2988 327 3030 i.
339 2989 359 3031 3.
394 2986 518 3029 Tlreerrcr
537 2998 560 3028 m
574 2986 620 3029 this
653 2999 768 3030 raenomcn
784 2987 826 3029 bns
841 2988 912 3037 ¹niven
924 2986 979 3031 birth

102 3046 125 3084 to
136 3044 175 3085 tlte
193 3047 337 3096 conjecture,
350 3041 399 3083 that
411 3039 459 3100 tlrc'
469 3039 567 3100 original
586 3000 681 3086 reading
695 3053 743 3081 was
776 3053 800 3084 ro
815 3041 860 3083 Sur
868 3040 905 3085 lin,
916 3041 942 3085 in
954 3041 980 3085 T.

103 3096 242 3139 Albucium:
261 3095 310 3136 tlrat
322 3094 345 3135 in
362 3092 525 3143 transcrrbrnu,
537 3092 564 3135 t'a
579 3094 605 3136 Τ.
618 3092 659 3134 bns
676 3092 735 3135 been
767 3096 801 3136 rst
818 3094 935 3137 mistalren
948 3093 980 3137 fos

98 3147 142 3191 M:
159 3149 197 3191 tlte
207 3147 354 3202 preposition
366 3145 436 3195 beina
451 3145 508 3188 tbus
522 3145 580 3207 lost,
590 3158 633 3199 pro
646 3145 688 3188 bns
706 3145 767 3189 been
787 3147 917 3201 repentem
934 3146 979 3193 aad

91 3200 222 3247 Albucium
236 3201 367 3247 convertcd
379 3200 431 3245 into
445 3199 551 3246 Albucto.

67 3316 90 3352 k
