<?xml version="1.0" encoding="UTF-8"?>
<!DOCTYPE html PUBLIC "-//W3C//DTD XHTML 1.0 Transitional//EN"
    "http://www.w3.org/TR/xhtml1/DTD/xhtml1-transitional.dtd">
<html xmlns="http://www.w3.org/1999/xhtml" xml:lang="en" lang="en">
 <head>
  <title>
</title>
<meta http-equiv="Content-Type" content="text/html;charset=utf-8" />
  <meta name='ocr-system' content='tesseract 3.04.00' />
  <meta name='ocr-capabilities' content='ocr_page ocr_carea ocr_par ocr_line ocrx_word'/>
</head>
<body>
  <div class='ocr_page' id='page_1' title='image "./mtulliiciceroni41cicegoog/mtulliiciceroni41cicegoog_0097.png"; bbox 0 0 2054 3946; ppageno 0'>
   <div class='ocr_carea' id='block_1_1' title="bbox 85 176 656 240">
    <p class='ocr_par' dir='ltr' id='par_1_1' title="bbox 85 176 656 240">
     <span class='ocr_line' id='line_1_1' title="bbox 85 176 656 240; baseline 0.004 -17"><span class='ocrx_word' id='word_1_1' title='bbox 85 185 124 240; x_wconf 66' lang='lat'><strong>35</strong></span> <span class='ocrx_word' id='word_1_2' title='bbox 397 176 444 224; x_wconf 79' lang='lat' dir='ltr'><strong>un</strong></span> <span class='ocrx_word' id='word_1_3' title='bbox 469 177 656 225; x_wconf 77' lang='lat' dir='ltr'><strong>cameris.</strong></span> 
     </span>
    </p>
   </div>
   <div class='ocr_carea' id='block_1_2' title="bbox 81 285 964 1475">
    <p class='ocr_par' dir='ltr' id='par_1_2' title="bbox 81 285 964 1475">
     <span class='ocr_line' id='line_1_2' title="bbox 85 285 963 367; baseline 0.001 -21"><span class='ocrx_word' id='word_1_4' title='bbox 85 286 338 367; x_wconf 66' lang='lat' dir='ltr'><strong>Xenophontemt)</strong></span> <span class='ocrx_word' id='word_1_5' title='bbox 351 308 415 347; x_wconf 90' lang='lat' dir='ltr'><strong>cum</strong></span> <span class='ocrx_word' id='word_1_6' title='bbox 431 290 553 365; x_wconf 90' lang='lat' dir='ltr'><strong>primum</strong></span> <span class='ocrx_word' id='word_1_7' title='bbox 567 290 737 364; x_wconf 78' lang='lat' dir='ltr'><strong>pubesceret</strong></span> <span class='ocrx_word' id='word_1_8' title='bbox 751 285 843 367; x_wconf 91' lang='lat' dir='ltr'><strong>(quod</strong></span> <span class='ocrx_word' id='word_1_9' title='bbox 857 298 963 365; x_wconf 67' lang='lat' dir='ltr'><strong>tempu</strong></span> 
     </span>
     <span class='ocr_line' id='line_1_3' title="bbox 85 368 963 445; baseline 0.001 -21"><span class='ocrx_word' id='word_1_10' title='bbox 85 379 213 425; x_wconf 88' lang='lat' dir='ltr'><strong>anatura</strong></span> <span class='ocrx_word' id='word_1_11' title='bbox 237 369 271 424; x_wconf 86' lang='lat' dir='ltr'><strong>ad</strong></span> <span class='ocrx_word' id='word_1_12' title='bbox 293 369 486 445; x_wconf 85' lang='lat' dir='ltr'><strong>deligendum,</strong></span> <span class='ocrx_word' id='word_1_13' title='bbox 505 387 589 440; x_wconf 92' lang='lat' dir='ltr'><strong>quam</strong></span> <span class='ocrx_word' id='word_1_14' title='bbox 611 369 733 440; x_wconf 87' lang='lat' dir='ltr'><strong>quisque</strong></span> <span class='ocrx_word' id='word_1_15' title='bbox 752 370 830 425; x_wconf 81' lang='lat' dir='ltr'><strong>viam</strong></span> <span class='ocrx_word' id='word_1_16' title='bbox 854 368 963 425; x_wconf 83' lang='lat' dir='ltr'><strong>vivendi</strong></span> 
     </span>
     <span class='ocr_line' id='line_1_4' title="bbox 84 446 963 526; baseline 0.002 -23"><span class='ocrx_word' id='word_1_17' title='bbox 84 449 122 504; x_wconf 87' lang='lat' dir='ltr'><strong>sit</strong></span> <span class='ocrx_word' id='word_1_18' title='bbox 136 447 325 523; x_wconf 83' lang='lat' dir='ltr'><strong>ingressurus,</strong></span> <span class='ocrx_word' id='word_1_19' title='bbox 341 449 437 505; x_wconf 89' lang='lat' dir='ltr'><strong>datum</strong></span> <span class='ocrx_word' id='word_1_20' title='bbox 451 446 506 526; x_wconf 87' lang='lat' dir='ltr'><strong>cst)</strong></span> <span class='ocrx_word' id='word_1_21' title='bbox 519 448 614 503; x_wconf 78' lang='lat' dir='ltr'>exisse</span> <span class='ocrx_word' id='word_1_22' title='bbox 629 449 659 504; x_wconf 92' lang='lat' dir='ltr'><strong>in</strong></span> <span class='ocrx_word' id='word_1_23' title='bbox 673 447 871 515; x_wconf 85' lang='lat' dir='ltr'>solitudinem,</span> <span class='ocrx_word' id='word_1_24' title='bbox 884 456 963 521; x_wconf 81' lang='lat' dir='ltr'><strong>atquc</strong></span> 
     </span>
     <span class='ocr_line' id='line_1_5' title="bbox 84 526 963 598; baseline 0.002 -15"><span class='ocrx_word' id='word_1_25' title='bbox 84 528 124 583; x_wconf 90' lang='lat' dir='ltr'><strong>ibi</strong></span> <span class='ocrx_word' id='word_1_26' title='bbox 148 528 293 584; x_wconf 84' lang='lat' dir='ltr'><strong>sedentem</strong></span> <span class='ocrx_word' id='word_1_27' title='bbox 321 529 369 585; x_wconf 93' lang='lat' dir='ltr'><strong>diu</strong></span> <span class='ocrx_word' id='word_1_28' title='bbox 397 547 495 583; x_wconf 88' lang='lat' dir='ltr'><strong>secum</strong></span> <span class='ocrx_word' id='word_1_29' title='bbox 522 527 700 598; x_wconf 88' lang='lat' dir='ltr'><strong>multumque</strong></span> <span class='ocrx_word' id='word_1_30' title='bbox 723 526 881 595; x_wconf 75' lang='lat' dir='ltr'><strong>dubitasse,</strong></span> <span class='ocrx_word' id='word_1_31' title='bbox 902 546 963 585; x_wconf 86' lang='lat' dir='ltr'><strong>cnm</strong></span> 
     </span>
     <span class='ocr_line' id='line_1_6' title="bbox 84 606 963 681; baseline 0 -19"><span class='ocrx_word' id='word_1_32' title='bbox 84 606 153 662; x_wconf 88' lang='lat' dir='ltr'><strong>duas</strong></span> <span class='ocrx_word' id='word_1_33' title='bbox 175 618 302 664; x_wconf 89' lang='lat' dir='ltr'><strong>cerneret</strong></span> <span class='ocrx_word' id='word_1_34' title='bbox 315 609 386 671; x_wconf 89' lang='lat' dir='ltr'><strong>vias,</strong></span> <span class='ocrx_word' id='word_1_35' title='bbox 407 626 493 663; x_wconf 90' lang='lat' dir='ltr'><strong>unam</strong></span> <span class='ocrx_word' id='word_1_36' title='bbox 507 607 680 681; x_wconf 79' lang='lat' dir='ltr'><strong>Voluptatis,</strong></span> <span class='ocrx_word' id='word_1_37' title='bbox 702 607 819 663; x_wconf 81' lang='lat' dir='ltr'><strong>alteram</strong></span> <span class='ocrx_word' id='word_1_38' title='bbox 834 607 963 675; x_wconf 78' lang='lat' dir='ltr'><strong>Virtutis,</strong></span> 
     </span>
     <span class='ocr_line' id='line_1_7' title="bbox 83 686 962 763; baseline 0.002 -22"><span class='ocrx_word' id='word_1_39' title='bbox 83 696 174 743; x_wconf 90' lang='lat' dir='ltr'><strong>utram</strong></span> <span class='ocrx_word' id='word_1_40' title='bbox 199 688 308 763; x_wconf 83' lang='lat' dir='ltr'><strong>ingredi</strong></span> <span class='ocrx_word' id='word_1_41' title='bbox 330 689 432 743; x_wconf 90' lang='lat' dir='ltr'><strong>melius</strong></span> <span class='ocrx_word' id='word_1_42' title='bbox 454 696 550 752; x_wconf 86' lang='lat' dir='ltr'><strong>essct;</strong></span> <span class='ocrx_word' id='word_1_43' title='bbox 573 686 628 742; x_wconf 90' lang='lat' dir='ltr'><strong>hoc</strong></span> <span class='ocrx_word' id='word_1_44' title='bbox 651 686 782 752; x_wconf 84' lang='lat' dir='ltr'><strong>Herculi,</strong></span> <span class='ocrx_word' id='word_1_45' title='bbox 798 686 882 743; x_wconf 88' lang='lat' dir='ltr'><strong>Jovis</strong></span> <span class='ocrx_word' id='word_1_46' title='bbox 904 696 962 743; x_wconf 83' lang='lat' dir='ltr'><strong>satu</strong></span> 
     </span>
     <span class='ocr_line' id='line_1_8' title="bbox 83 765 964 841; baseline 0.003 -21"><span class='ocrx_word' id='word_1_47' title='bbox 83 765 169 832; x_wconf 88' lang='lat' dir='ltr'><strong>edito,</strong></span> <span class='ocrx_word' id='word_1_48' title='bbox 188 769 279 841; x_wconf 90' lang='lat' dir='ltr'><strong>potuit</strong></span> <span class='ocrx_word' id='word_1_49' title='bbox 293 767 411 823; x_wconf 80' lang='lat' dir='ltr'><strong>fortasse</strong></span> <span class='ocrx_word' id='word_1_50' title='bbox 432 767 615 841; x_wconf 86' lang='lat' dir='ltr'><strong>contingere:</strong></span> <span class='ocrx_word' id='word_1_51' title='bbox 638 766 721 823; x_wconf 88' lang='lat' dir='ltr'><strong>uobis</strong></span> <span class='ocrx_word' id='word_1_52' title='bbox 743 784 802 822; x_wconf 92' lang='lat' dir='ltr'><strong>non</strong></span> <span class='ocrx_word' id='word_1_53' title='bbox 822 766 903 833; x_wconf 91' lang='lat' dir='ltr'><strong>item,</strong></span> <span class='ocrx_word' id='word_1_54' title='bbox 918 766 964 837; x_wconf 89' lang='lat' dir='ltr'><strong>qui</strong></span> 
     </span>
     <span class='ocr_line' id='line_1_9' title="bbox 82 844 963 918; baseline 0.002 -18"><span class='ocrx_word' id='word_1_55' title='bbox 82 845 236 913; x_wconf 86' lang='lat' dir='ltr'><strong>imitamur,</strong></span> <span class='ocrx_word' id='word_1_56' title='bbox 259 865 331 918; x_wconf 91' lang='lat' dir='ltr'><strong>quos</strong></span> <span class='ocrx_word' id='word_1_57' title='bbox 360 847 463 916; x_wconf 90' lang='lat' dir='ltr'><strong>cuique</strong></span> <span class='ocrx_word' id='word_1_58' title='bbox 491 846 586 901; x_wconf 87' lang='lat' dir='ltr'><strong>visum</strong></span> <span class='ocrx_word' id='word_1_59' title='bbox 614 855 668 909; x_wconf 89' lang='lat' dir='ltr'><strong>est,</strong></span> <span class='ocrx_word' id='word_1_60' title='bbox 690 854 775 916; x_wconf 87' lang='lat' dir='ltr'><strong>atque</strong></span> <span class='ocrx_word' id='word_1_61' title='bbox 803 844 841 900; x_wconf 91' lang='lat' dir='ltr'><strong>ad</strong></span> <span class='ocrx_word' id='word_1_62' title='bbox 868 862 963 902; x_wconf 86' lang='lat' dir='ltr'><strong>eorum</strong></span> 
     </span>
     <span class='ocr_line' id='line_1_10' title="bbox 82 923 963 999; baseline 0.001 -19"><span class='ocrx_word' id='word_1_63' title='bbox 82 923 175 980; x_wconf 83' lang='lat' dir='ltr'><strong>studia</strong></span> <span class='ocrx_word' id='word_1_64' title='bbox 203 926 384 996; x_wconf 87' lang='lat' dir='ltr'><strong>institutaque</strong></span> <span class='ocrx_word' id='word_1_65' title='bbox 420 925 603 999; x_wconf 87' lang='lat' dir='ltr'><strong>impellimur.</strong></span> <span class='ocrx_word' id='word_1_66' title='bbox 659 924 834 995; x_wconf 86' lang='lat' dir='ltr'><strong>Plerumque</strong></span> <span class='ocrx_word' id='word_1_67' title='bbox 862 934 963 989; x_wconf 85' lang='lat' dir='ltr'><strong>autem,</strong></span> 
     </span>
     <span class='ocr_line' id='line_1_11' title="bbox 83 1002 962 1079; baseline 0.001 -21"><span class='ocrx_word' id='word_1_68' title='bbox 83 1006 257 1079; x_wconf 89' lang='lat' dir='ltr'><strong>parentium†</strong></span> <span class='ocrx_word' id='word_1_69' title='bbox 272 1004 421 1079; x_wconf 71' lang='lat' dir='ltr'><strong>preceptis</strong></span> <span class='ocrx_word' id='word_1_70' title='bbox 436 1004 548 1067; x_wconf 86' lang='lat' dir='ltr'><strong>imbuti,</strong></span> <span class='ocrx_word' id='word_1_71' title='bbox 564 1002 597 1058; x_wconf 92' lang='lat' dir='ltr'><strong>ad</strong></span> <span class='ocrx_word' id='word_1_72' title='bbox 614 1021 712 1060; x_wconf 90' lang='lat' dir='ltr'><strong>eorum</strong></span> <span class='ocrx_word' id='word_1_73' title='bbox 728 1002 962 1059; x_wconf 89' lang='lat' dir='ltr'><strong>consuetudinem</strong></span> 
     </span>
     <span class='ocr_line' id='line_1_12' title="bbox 83 1081 963 1158; baseline -0.001 -19"><span class='ocrx_word' id='word_1_74' title='bbox 83 1101 248 1155; x_wconf 87' lang='lat' dir='ltr'><strong>moremque</strong></span> <span class='ocrx_word' id='word_1_75' title='bbox 262 1083 437 1140; x_wconf 87' lang='lat' dir='ltr'><strong>deducimur.</strong></span> <span class='ocrx_word' id='word_1_76' title='bbox 480 1084 537 1139; x_wconf 80' lang='lat' dir='ltr'><strong>Alii</strong></span> <span class='ocrx_word' id='word_1_77' title='bbox 549 1082 739 1139; x_wconf 89' lang='lat' dir='ltr'><strong>multitudinis</strong></span> <span class='ocrx_word' id='word_1_78' title='bbox 749 1081 863 1158; x_wconf 89' lang='lat' dir='ltr'><strong>judicio</strong></span> <span class='ocrx_word' id='word_1_79' title='bbox 873 1081 963 1139; x_wconf 87' lang='lat' dir='ltr'><strong>ferun·</strong></span> 
     </span>
     <span class='ocr_line' id='line_1_13' title="bbox 83 1160 962 1238; baseline 0.002 -21"><span class='ocrx_word' id='word_1_80' title='bbox 83 1172 137 1227; x_wconf 90' lang='lat' dir='ltr'><strong>tur,</strong></span> <span class='ocrx_word' id='word_1_81' title='bbox 166 1181 285 1234; x_wconf 72' lang='lat' dir='ltr'><strong>quaeque</strong></span> <span class='ocrx_word' id='word_1_82' title='bbox 312 1164 414 1238; x_wconf 84' lang='lat' dir='ltr'><strong>majori</strong></span> <span class='ocrx_word' id='word_1_83' title='bbox 441 1163 513 1237; x_wconf 83' lang='lat' dir='ltr'><strong>parti</strong></span> <span class='ocrx_word' id='word_1_84' title='bbox 542 1162 733 1237; x_wconf 88' lang='lat' dir='ltr'><strong>pulcherrima</strong></span> <span class='ocrx_word' id='word_1_85' title='bbox 761 1160 904 1229; x_wconf 88' lang='lat' dir='ltr'><strong>videntur,</strong></span> <span class='ocrx_word' id='word_1_86' title='bbox 931 1178 962 1219; x_wconf 80' lang='lat' dir='ltr'><strong>ct</strong></span> 
     </span>
     <span class='ocr_line' id='line_1_14' title="bbox 82 1239 961 1316; baseline 0.001 -20"><span class='ocrx_word' id='word_1_87' title='bbox 82 1242 207 1298; x_wconf 84' lang='lat' dir='ltr'><strong>maxime</strong></span> <span class='ocrx_word' id='word_1_88' title='bbox 242 1252 388 1316; x_wconf 84' lang='lat' dir='ltr'><strong>exoptant.</strong></span> <span class='ocrx_word' id='word_1_89' title='bbox 443 1241 584 1298; x_wconf 88' lang='lat' dir='ltr'><strong>Nonnulli</strong></span> <span class='ocrx_word' id='word_1_90' title='bbox 617 1250 714 1297; x_wconf 88' lang='lat' dir='ltr'><strong>tamen</strong></span> <span class='ocrx_word' id='word_1_91' title='bbox 741 1240 802 1297; x_wconf 84' lang='lat' dir='ltr'><strong>sive</strong></span> <span class='ocrx_word' id='word_1_92' title='bbox 830 1239 961 1297; x_wconf 85' lang='lat' dir='ltr'><strong>felicitate</strong></span> 
     </span>
     <span class='ocr_line' id='line_1_15' title="bbox 83 1319 962 1396; baseline 0.002 -21"><span class='ocrx_word' id='word_1_93' title='bbox 83 1320 215 1390; x_wconf 85' lang='lat' dir='ltr'><strong>quadam,</strong></span> <span class='ocrx_word' id='word_1_94' title='bbox 237 1322 297 1377; x_wconf 88' lang='lat' dir='ltr'><strong>sive</strong></span> <span class='ocrx_word' id='word_1_95' title='bbox 318 1322 441 1377; x_wconf 84' lang='lat' dir='ltr'><strong>bonitate</strong></span> <span class='ocrx_word' id='word_1_96' title='bbox 464 1330 581 1386; x_wconf 74' lang='lat' dir='ltr'><strong>natura,</strong></span> <span class='ocrx_word' id='word_1_97' title='bbox 604 1321 665 1376; x_wconf 88' lang='lat' dir='ltr'><strong>sive</strong></span> <span class='ocrx_word' id='word_1_98' title='bbox 687 1319 864 1396; x_wconf 86' lang='lat' dir='ltr'><strong>parentium†</strong></span> <span class='ocrx_word' id='word_1_99' title='bbox 882 1319 962 1379; x_wconf 90' lang='lat' dir='ltr'><strong>disci·</strong></span> 
     </span>
     <span class='ocr_line' id='line_1_16' title="bbox 81 1400 654 1475; baseline 0.002 -20"><span class='ocrx_word' id='word_1_100' title='bbox 81 1400 170 1475; x_wconf 88' lang='lat' dir='ltr'><strong>plina,</strong></span> <span class='ocrx_word' id='word_1_101' title='bbox 186 1412 289 1456; x_wconf 84' lang='lat' dir='ltr'><strong>rectam</strong></span> <span class='ocrx_word' id='word_1_102' title='bbox 305 1401 369 1456; x_wconf 87' lang='lat' dir='ltr'><strong>vitae</strong></span> <span class='ocrx_word' id='word_1_103' title='bbox 385 1402 475 1456; x_wconf 88' lang='lat' dir='ltr'><strong>secuti</strong></span> <span class='ocrx_word' id='word_1_104' title='bbox 489 1410 555 1457; x_wconf 90' lang='lat' dir='ltr'><strong>sunt</strong></span> <span class='ocrx_word' id='word_1_105' title='bbox 569 1401 654 1456; x_wconf 87' lang='lat' dir='ltr'><strong>viam.</strong></span> 
     </span>
    </p>
   </div>
   <div class='ocr_carea' id='block_1_3' title="bbox 82 1542 960 1701">
    <p class='ocr_par' dir='ltr' id='par_1_3' title="bbox 82 1542 960 1701">
     <span class='ocr_line' id='line_1_17' title="bbox 82 1542 960 1620; baseline 0.001 -20"><span class='ocrx_word' id='word_1_106' title='bbox 82 1543 171 1600; x_wconf 65' lang='lat' dir='ltr'><strong>ent).</strong></span> <span class='ocrx_word' id='word_1_107' title='bbox 194 1544 336 1601; x_wconf 89' lang='lat' dir='ltr'><strong>XXXlll.</strong></span> <span class='ocrx_word' id='word_1_108' title='bbox 386 1542 457 1601; x_wconf 81' lang='lat' dir='ltr'><strong>Vitae</strong></span> <span class='ocrx_word' id='word_1_109' title='bbox 471 1562 567 1620; x_wconf 82' lang='lat' dir='ltr'><strong>genus</strong></span> <span class='ocrx_word' id='word_1_110' title='bbox 582 1542 682 1601; x_wconf 79' lang='lat' dir='ltr'><strong>scdulo</strong></span> <span class='ocrx_word' id='word_1_111' title='bbox 697 1542 898 1620; x_wconf 77' lang='lat' dir='ltr'><strong>diligendum,</strong></span> <span class='ocrx_word' id='word_1_112' title='bbox 913 1560 960 1601; x_wconf 80' lang='lat' dir='ltr'><strong>nrt</strong></span> 
     </span>
     <span class='ocr_line' id='line_1_18' title="bbox 120 1622 917 1701; baseline 0.003 -22"><span class='ocrx_word' id='word_1_113' title='bbox 120 1631 225 1680; x_wconf 83' lang='lat' dir='ltr'><strong>temere</strong></span> <span class='ocrx_word' id='word_1_114' title='bbox 240 1623 500 1681; x_wconf 78' lang='lat' dir='ltr'><strong>commutandum.-</strong></span> <span class='ocrx_word' id='word_1_115' title='bbox 523 1622 685 1681; x_wconf 81' lang='lat' dir='ltr'><strong>imitandos</strong></span> <span class='ocrx_word' id='word_1_116' title='bbox 700 1641 762 1680; x_wconf 80' lang='lat' dir='ltr'><strong>csse</strong></span> <span class='ocrx_word' id='word_1_117' title='bbox 775 1622 917 1701; x_wconf 82' lang='lat' dir='ltr'><strong>majores.</strong></span> 
     </span>
    </p>
   </div>
   <div class='ocr_carea' id='block_1_4' title="bbox 79 1746 960 2300">
    <p class='ocr_par' dir='ltr' id='par_1_4' title="bbox 79 1746 960 2300">
     <span class='ocr_line' id='line_1_19' title="bbox 119 1746 958 1826; baseline -0.001 -21"><span class='ocrx_word' id='word_1_118' title='bbox 119 1747 211 1806; x_wconf 77' lang='lat' dir='ltr'><strong>Innuu</strong></span> <span class='ocrx_word' id='word_1_119' title='bbox 233 1762 326 1807; x_wconf 88' lang='lat' dir='ltr'><strong>antem</strong></span> <span class='ocrx_word' id='word_1_120' title='bbox 348 1752 471 1808; x_wconf 87' lang='lat' dir='ltr'><strong>maxime</strong></span> <span class='ocrx_word' id='word_1_121' title='bbox 494 1770 587 1807; x_wconf 88' lang='lat' dir='ltr'><strong>rarum</strong></span> <span class='ocrx_word' id='word_1_122' title='bbox 608 1768 699 1826; x_wconf 83' lang='lat' dir='ltr'><strong>genus</strong></span> <span class='ocrx_word' id='word_1_123' title='bbox 720 1758 765 1805; x_wconf 89' lang='lat' dir='ltr'><strong>est</strong></span> <span class='ocrx_word' id='word_1_124' title='bbox 784 1766 897 1815; x_wconf 90' lang='lat' dir='ltr'><strong>eorum,</strong></span> <span class='ocrx_word' id='word_1_125' title='bbox 915 1746 958 1821; x_wconf 89' lang='lat' dir='ltr'><strong>qui</strong></span> 
     </span>
     <span class='ocr_line' id='line_1_20' title="bbox 80 1826 960 1905; baseline 0.001 -22"><span class='ocrx_word' id='word_1_126' title='bbox 80 1838 128 1884; x_wconf 90' lang='lat' dir='ltr'><strong>aut</strong></span> <span class='ocrx_word' id='word_1_127' title='bbox 142 1830 299 1885; x_wconf 84' lang='lat' dir='ltr'><strong>excellente</strong></span> <span class='ocrx_word' id='word_1_128' title='bbox 314 1831 421 1905; x_wconf 84' lang='lat' dir='ltr'><strong>ingenii</strong></span> <span class='ocrx_word' id='word_1_129' title='bbox 442 1828 646 1905; x_wconf 85' lang='lat' dir='ltr'><strong>magnitudine,</strong></span> <span class='ocrx_word' id='word_1_130' title='bbox 662 1838 709 1884; x_wconf 84' lang='lat' dir='ltr'><strong>aut</strong></span> <span class='ocrx_word' id='word_1_131' title='bbox 723 1828 860 1904; x_wconf 85' lang='lat' dir='ltr'><strong>praeclara</strong></span> <span class='ocrx_word' id='word_1_132' title='bbox 873 1826 960 1885; x_wconf 91' lang='lat' dir='ltr'><strong>erudi·</strong></span> 
     </span>
     <span class='ocr_line' id='line_1_21' title="bbox 80 1908 959 1983; baseline 0.001 -21"><span class='ocrx_word' id='word_1_133' title='bbox 80 1908 157 1963; x_wconf 89' lang='lat' dir='ltr'><strong>tione</strong></span> <span class='ocrx_word' id='word_1_134' title='bbox 179 1918 261 1979; x_wconf 92' lang='lat' dir='ltr'><strong>atque</strong></span> <span class='ocrx_word' id='word_1_135' title='bbox 284 1909 420 1976; x_wconf 90' lang='lat' dir='ltr'><strong>doctrina,</strong></span> <span class='ocrx_word' id='word_1_136' title='bbox 443 1921 490 1965; x_wconf 88' lang='lat' dir='ltr'><strong>aut</strong></span> <span class='ocrx_word' id='word_1_137' title='bbox 511 1920 629 1980; x_wconf 89' lang='lat' dir='ltr'><strong>utraque</strong></span> <span class='ocrx_word' id='word_1_138' title='bbox 657 1927 685 1965; x_wconf 91' lang='lat' dir='ltr'><strong>re</strong></span> <span class='ocrx_word' id='word_1_139' title='bbox 711 1908 813 1973; x_wconf 88' lang='lat' dir='ltr'><strong>ornati,</strong></span> <span class='ocrx_word' id='word_1_140' title='bbox 838 1908 959 1983; x_wconf 87' lang='lat' dir='ltr'><strong>spatium</strong></span> 
     </span>
     <span class='ocr_line' id='line_1_22' title="bbox 80 1986 959 2062; baseline 0.001 -21"><span class='ocrx_word' id='word_1_141' title='bbox 80 1987 165 2042; x_wconf 90' lang='lat' dir='ltr'><strong>etiam</strong></span> <span class='ocrx_word' id='word_1_142' title='bbox 188 1987 362 2045; x_wconf 85' lang='lat' dir='ltr'><strong>deliberandi</strong></span> <span class='ocrx_word' id='word_1_143' title='bbox 390 1989 556 2054; x_wconf 87' lang='lat' dir='ltr'><strong>habuerunt,</strong></span> <span class='ocrx_word' id='word_1_144' title='bbox 580 2007 664 2059; x_wconf 89' lang='lat' dir='ltr'><strong>quem</strong></span> <span class='ocrx_word' id='word_1_145' title='bbox 693 1988 878 2062; x_wconf 89' lang='lat' dir='ltr'><strong>potissimum</strong></span> <span class='ocrx_word' id='word_1_146' title='bbox 899 1986 959 2043; x_wconf 75' lang='lat' dir='ltr'><strong>vita</strong></span> 
     </span>
     <span class='ocr_line' id='line_1_23' title="bbox 79 2066 960 2139; baseline 0.003 -19"><span class='ocrx_word' id='word_1_147' title='bbox 79 2083 195 2122; x_wconf 87' lang='lat' dir='ltr'><strong>cursum</strong></span> <span class='ocrx_word' id='word_1_148' title='bbox 218 2068 299 2139; x_wconf 87' lang='lat' dir='ltr'><strong>sequi</strong></span> <span class='ocrx_word' id='word_1_149' title='bbox 321 2068 444 2124; x_wconf 91' lang='lat' dir='ltr'><strong>vellent:</strong></span> <span class='ocrx_word' id='word_1_150' title='bbox 472 2069 500 2125; x_wconf 90' lang='lat' dir='ltr'><strong>in</strong></span> <span class='ocrx_word' id='word_1_151' title='bbox 522 2084 578 2139; x_wconf 90' lang='lat' dir='ltr'><strong>qua</strong></span> <span class='ocrx_word' id='word_1_152' title='bbox 600 2066 802 2123; x_wconf 88' lang='lat' dir='ltr'><strong>deliberatione</strong></span> <span class='ocrx_word' id='word_1_153' title='bbox 821 2066 858 2123; x_wconf 88' lang='lat' dir='ltr'><strong>ad</strong></span> <span class='ocrx_word' id='word_1_154' title='bbox 882 2084 960 2123; x_wconf 86' lang='lat' dir='ltr'><strong>suam</strong></span> 
     </span>
     <span class='ocr_line' id='line_1_24' title="bbox 79 2144 959 2220; baseline 0.001 -20"><span class='ocrx_word' id='word_1_155' title='bbox 79 2145 219 2220; x_wconf 89' lang='lat' dir='ltr'><strong>cujusque</strong></span> <span class='ocrx_word' id='word_1_156' title='bbox 245 2158 372 2203; x_wconf 86' lang='lat' dir='ltr'><strong>naturam</strong></span> <span class='ocrx_word' id='word_1_157' title='bbox 401 2148 551 2203; x_wconf 89' lang='lat' dir='ltr'><strong>consilium</strong></span> <span class='ocrx_word' id='word_1_158' title='bbox 576 2158 620 2202; x_wconf 92' lang='lat' dir='ltr'><strong>cst</strong></span> <span class='ocrx_word' id='word_1_159' title='bbox 647 2162 731 2202; x_wconf 90' lang='lat' dir='ltr'><strong>omne</strong></span> <span class='ocrx_word' id='word_1_160' title='bbox 758 2144 959 2203; x_wconf 87' lang='lat' dir='ltr'><strong>revocandum.</strong></span> 
     </span>
     <span class='ocr_line' id='line_1_25' title="bbox 80 2224 960 2300; baseline 0.002 -20"><span class='ocrx_word' id='word_1_161' title='bbox 80 2224 157 2281; x_wconf 88' lang='lat' dir='ltr'><strong>Nam</strong></span> <span class='ocrx_word' id='word_1_162' title='bbox 172 2245 235 2282; x_wconf 89' lang='lat' dir='ltr'><strong>cum</strong></span> <span class='ocrx_word' id='word_1_163' title='bbox 258 2226 287 2282; x_wconf 87' lang='lat' dir='ltr'><strong>in</strong></span> <span class='ocrx_word' id='word_1_164' title='bbox 303 2227 445 2292; x_wconf 93' lang='lat' dir='ltr'><strong>omnibus,</strong></span> <span class='ocrx_word' id='word_1_165' title='bbox 461 2246 523 2298; x_wconf 82' lang='lat' dir='ltr'><strong>quae</strong></span> <span class='ocrx_word' id='word_1_166' title='bbox 546 2237 676 2300; x_wconf 81' lang='lat' dir='ltr'><strong>aguntur,</strong></span> <span class='ocrx_word' id='word_1_167' title='bbox 690 2244 727 2280; x_wconf 87' lang='lat' dir='ltr'><strong>ex</strong></span> <span class='ocrx_word' id='word_1_168' title='bbox 742 2244 776 2281; x_wconf 92' lang='lat' dir='ltr'><strong>eo</strong></span> <span class='ocrx_word' id='word_1_169' title='bbox 791 2225 890 2292; x_wconf 91' lang='lat' dir='ltr'><strong>modo,</strong></span> <span class='ocrx_word' id='word_1_170' title='bbox 906 2243 960 2299; x_wconf 92' lang='lat' dir='ltr'><strong>quo</strong></span> 
     </span>
    </p>
   </div>
   <div class='ocr_carea' id='block_1_5' title="bbox 77 2301 962 2857">
    <p class='ocr_par' dir='ltr' id='par_1_5' title="bbox 77 2301 961 2680">
     <span class='ocr_line' id='line_1_26' title="bbox 79 2301 959 2382; baseline 0.002 -23"><span class='ocrx_word' id='word_1_171' title='bbox 79 2304 201 2375; x_wconf 88' lang='lat' dir='ltr'><strong>quisque</strong></span> <span class='ocrx_word' id='word_1_172' title='bbox 222 2315 266 2361; x_wconf 90' lang='lat' dir='ltr'><strong>est</strong></span> <span class='ocrx_word' id='word_1_173' title='bbox 286 2318 367 2362; x_wconf 87' lang='lat' dir='ltr'><strong>natus</strong></span> <span class='ocrx_word' id='word_1_174' title='bbox 388 2305 430 2382; x_wconf 89' lang='lat' dir='ltr'><strong>(ut</strong></span> <span class='ocrx_word' id='word_1_175' title='bbox 450 2325 536 2380; x_wconf 88' lang='lat' dir='ltr'><strong>supra</strong></span> <span class='ocrx_word' id='word_1_176' title='bbox 556 2304 663 2361; x_wconf 87' lang='lat' dir='ltr'><strong>dictum</strong></span> <span class='ocrx_word' id='word_1_177' title='bbox 684 2302 738 2382; x_wconf 85' lang='lat' dir='ltr'><strong>est)</strong></span> <span class='ocrx_word' id='word_1_178' title='bbox 762 2301 831 2375; x_wconf 92' lang='lat' dir='ltr'><strong>quid</strong></span> <span class='ocrx_word' id='word_1_179' title='bbox 853 2304 959 2371; x_wconf 88' lang='lat' dir='ltr'><strong>deceat,</strong></span> 
     </span>
     <span class='ocr_line' id='line_1_27' title="bbox 78 2383 961 2455; baseline -0.001 -15"><span class='ocrx_word' id='word_1_180' title='bbox 78 2385 274 2455; x_wconf 84' lang='lat' dir='ltr'><strong>exquirimus3</strong></span> <span class='ocrx_word' id='word_1_181' title='bbox 298 2396 356 2442; x_wconf 87' lang='lat' dir='ltr'><strong>tum</strong></span> <span class='ocrx_word' id='word_1_182' title='bbox 379 2386 407 2442; x_wconf 94' lang='lat' dir='ltr'><strong>in</strong></span> <span class='ocrx_word' id='word_1_183' title='bbox 429 2395 486 2441; x_wconf 87' lang='lat' dir='ltr'><strong>tota</strong></span> <span class='ocrx_word' id='word_1_184' title='bbox 506 2386 564 2440; x_wconf 88' lang='lat' dir='ltr'><strong>vita</strong></span> <span class='ocrx_word' id='word_1_185' title='bbox 584 2383 791 2450; x_wconf 90' lang='lat' dir='ltr'><strong>constituenda,</strong></span> <span class='ocrx_word' id='word_1_186' title='bbox 807 2384 899 2441; x_wconf 92' lang='lat' dir='ltr'><strong>multo</strong></span> <span class='ocrx_word' id='word_1_187' title='bbox 920 2396 961 2440; x_wconf 81' lang='lat' dir='ltr'><strong>est</strong></span> 
     </span>
     <span class='ocr_line' id='line_1_28' title="bbox 77 2462 961 2541; baseline 0 -22"><span class='ocrx_word' id='word_1_188' title='bbox 77 2464 104 2519; x_wconf 88' lang='lat' dir='ltr'><strong>ei</strong></span> <span class='ocrx_word' id='word_1_189' title='bbox 116 2462 190 2541; x_wconf 86' lang='lat' dir='ltr'><strong>[rei]</strong></span> <span class='ocrx_word' id='word_1_190' title='bbox 201 2485 268 2521; x_wconf 88' lang='lat' dir='ltr'><strong>cura</strong></span> <span class='ocrx_word' id='word_1_191' title='bbox 277 2467 369 2541; x_wconf 91' lang='lat' dir='ltr'><strong>major</strong></span> <span class='ocrx_word' id='word_1_192' title='bbox 378 2463 547 2529; x_wconf 88' lang='lat' dir='ltr'><strong>adhibenda,</strong></span> <span class='ocrx_word' id='word_1_193' title='bbox 558 2473 587 2520; x_wconf 90' lang='lat' dir='ltr'><strong>ut</strong></span> <span class='ocrx_word' id='word_1_194' title='bbox 599 2474 728 2520; x_wconf 89' lang='lat' dir='ltr'><strong>constare</strong></span> <span class='ocrx_word' id='word_1_195' title='bbox 743 2464 773 2519; x_wconf 92' lang='lat' dir='ltr'><strong>in</strong></span> <span class='ocrx_word' id='word_1_196' title='bbox 783 2464 849 2519; x_wconf 81' lang='lat' dir='ltr'><strong>vitre</strong></span> <span class='ocrx_word' id='word_1_197' title='bbox 861 2482 961 2539; x_wconf 83' lang='lat' dir='ltr'><strong>perpe·</strong></span> 
     </span>
     <span class='ocr_line' id='line_1_29' title="bbox 77 2541 961 2619; baseline 0.001 -21"><span class='ocrx_word' id='word_1_198' title='bbox 77 2544 174 2600; x_wconf 89' lang='lat' dir='ltr'><strong>tuitate</strong></span> <span class='ocrx_word' id='word_1_199' title='bbox 200 2546 344 2619; x_wconf 89' lang='lat' dir='ltr'><strong>possimus</strong></span> <span class='ocrx_word' id='word_1_200' title='bbox 372 2545 515 2601; x_wconf 90' lang='lat' dir='ltr'><strong>nobismet</strong></span> <span class='ocrx_word' id='word_1_201' title='bbox 538 2541 621 2618; x_wconf 89' lang='lat' dir='ltr'><strong>ipsis,</strong></span> <span class='ocrx_word' id='word_1_202' title='bbox 645 2562 698 2599; x_wconf 87' lang='lat' dir='ltr'><strong>nec</strong></span> <span class='ocrx_word' id='word_1_203' title='bbox 726 2543 756 2599; x_wconf 92' lang='lat' dir='ltr'><strong>in</strong></span> <span class='ocrx_word' id='word_1_204' title='bbox 780 2543 840 2599; x_wconf 92' lang='lat' dir='ltr'><strong>ullo</strong></span> <span class='ocrx_word' id='word_1_205' title='bbox 866 2542 961 2599; x_wconf 88' lang='lat' dir='ltr'><strong>officio</strong></span> 
     </span>
     <span class='ocr_line' id='line_1_30' title="bbox 77 2623 245 2680; baseline 0.024 -4"><span class='ocrx_word' id='word_1_206' title='bbox 77 2623 245 2680; x_wconf 80' lang='lat' dir='ltr'><strong>claudicare.</strong></span> 
     </span>
    </p>

    <p class='ocr_par' dir='ltr' id='par_1_6' title="bbox 77 2701 962 2857">
     <span class='ocr_line' id='line_1_31' title="bbox 116 2701 960 2773; baseline 0.001 -15"><span class='ocrx_word' id='word_1_207' title='bbox 116 2703 160 2758; x_wconf 85' lang='lat' dir='ltr'><strong>Ad</strong></span> <span class='ocrx_word' id='word_1_208' title='bbox 186 2703 259 2760; x_wconf 87' lang='lat' dir='ltr'><strong>hanc</strong></span> <span class='ocrx_word' id='word_1_209' title='bbox 282 2713 374 2758; x_wconf 87' lang='lat' dir='ltr'><strong>autem</strong></span> <span class='ocrx_word' id='word_1_210' title='bbox 400 2703 537 2759; x_wconf 85' lang='lat' dir='ltr'><strong>rationem</strong></span> <span class='ocrx_word' id='word_1_211' title='bbox 561 2702 696 2773; x_wconf 88' lang='lat' dir='ltr'><strong>quoniam</strong></span> <span class='ocrx_word' id='word_1_212' title='bbox 721 2701 879 2758; x_wconf 85' lang='lat' dir='ltr'><strong>maximam</strong></span> <span class='ocrx_word' id='word_1_213' title='bbox 904 2702 960 2759; x_wconf 82' lang='lat' dir='ltr'><strong>vim</strong></span> 
     </span>
     <span class='ocr_line' id='line_1_32' title="bbox 77 2781 962 2857; baseline 0.001 -19"><span class='ocrx_word' id='word_1_214' title='bbox 77 2792 175 2838; x_wconf 84' lang='lat' dir='ltr'><strong>natura</strong></span> <span class='ocrx_word' id='word_1_215' title='bbox 199 2783 292 2849; x_wconf 89' lang='lat' dir='ltr'><strong>habet,</strong></span> <span class='ocrx_word' id='word_1_216' title='bbox 319 2781 431 2838; x_wconf 84' lang='lat' dir='ltr'><strong>fortuna</strong></span> <span class='ocrx_word' id='word_1_217' title='bbox 455 2782 637 2857; x_wconf 83' lang='lat' dir='ltr'><strong>proximam3</strong></span> <span class='ocrx_word' id='word_1_218' title='bbox 667 2781 814 2853; x_wconf 87' lang='lat' dir='ltr'><strong>utriusque</strong></span> <span class='ocrx_word' id='word_1_219' title='bbox 842 2781 962 2839; x_wconf 89' lang='lat' dir='ltr'><strong>omniuo</strong></span> 
     </span>
    </p>
   </div>
   <div class='ocr_carea' id='block_1_6' title="bbox 60 2920 962 3240">
    <p class='ocr_par' dir='ltr' id='par_1_7' title="bbox 110 2920 891 2986">
     <span class='ocr_line' id='line_1_33' title="bbox 110 2920 891 2986; baseline 0.004 -21"><span class='ocrx_word' id='word_1_220' title='bbox 110 2922 310 2977; x_wconf 67' lang='lat' dir='ltr'><strong>*Xenophontem</strong></span> <span class='ocrx_word' id='word_1_221' title='bbox 343 2920 556 2984; x_wconf 66' lang='lat' dir='ltr'><strong>Memorabiliit.</strong></span> <span class='ocrx_word' id='word_1_222' title='bbox 593 2974 598 2984; x_wconf 84' lang='lat'><strong>.</strong></span> <span class='ocrx_word' id='word_1_223' title='bbox 762 2973 768 2984; x_wconf 44' lang='grc'>,</span> <span class='ocrx_word' id='word_1_224' title='bbox 797 2973 803 2984; x_wconf 90' lang='lat'><strong>.</strong></span> <span class='ocrx_word' id='word_1_225' title='bbox 876 2974 891 2986; x_wconf 94' lang='lat'><strong>..</strong></span> 
     </span>
    </p>

    <p class='ocr_par' dir='ltr' id='par_1_8' title="bbox 60 2973 962 3240">
     <span class='ocr_line' id='line_1_34' title="bbox 108 2973 962 3082; baseline 0.004 -12"><span class='ocrx_word' id='word_1_226' title='bbox 108 2975 286 3073; x_wconf 57' lang='lat' dir='ltr'><strong>bl&#39;ffl&#39;llllt</strong></span> <span class='ocrx_word' id='word_1_227' title='bbox 303 2976 537 3082; x_wconf 60' lang='lat' dir='ltr'><strong>districti}</strong></span> <span class='ocrx_word' id='word_1_228' title='bbox 548 2973 962 3082; x_wconf 64' lang='lat' dir='ltr'><strong>tltlntttt‘trt&#39;atntt</strong></span> 
     </span>
     <span class='ocr_line' id='line_1_35' title="bbox 77 3030 961 3142; baseline 0.006 -20"><span class='ocrx_word' id='word_1_229' title='bbox 77 3030 109 3123; x_wconf 69' lang='lat' dir='ltr'><strong>iii</strong></span> <span class='ocrx_word' id='word_1_230' title='bbox 121 3040 289 3137; x_wconf 64' lang='lat' dir='ltr'><strong>tlidlaotitbority</strong></span> <span class='ocrx_word' id='word_1_231' title='bbox 300 3083 327 3126; x_wconf 86' lang='lat' dir='ltr'><strong>of</strong></span> <span class='ocrx_word' id='word_1_232' title='bbox 337 3082 435 3125; x_wconf 88' lang='lat' dir='ltr'><strong>hutone</strong></span> <span class='ocrx_word' id='word_1_233' title='bbox 447 3082 513 3142; x_wconf 71' lang='lat' dir='ltr'><strong>MS.3</strong></span> <span class='ocrx_word' id='word_1_234' title='bbox 532 3080 562 3123; x_wconf 85' lang='lat' dir='ltr'><strong>all</strong></span> <span class='ocrx_word' id='word_1_235' title='bbox 574 3080 613 3124; x_wconf 89' lang='lat' dir='ltr'><strong>the</strong></span> <span class='ocrx_word' id='word_1_236' title='bbox 626 3081 705 3124; x_wconf 88' lang='lat' dir='ltr'><strong>others</strong></span> <span class='ocrx_word' id='word_1_237' title='bbox 716 3085 740 3124; x_wconf 87' lang='lat' dir='ltr'><strong>to</strong></span> <span class='ocrx_word' id='word_1_238' title='bbox 753 3080 832 3125; x_wconf 88' lang='lat' dir='ltr'><strong>which</strong></span> <span class='ocrx_word' id='word_1_239' title='bbox 843 3081 884 3126; x_wconf 83' lang='lat' dir='ltr'><strong>the</strong></span> <span class='ocrx_word' id='word_1_240' title='bbox 896 3058 961 3129; x_wconf 64' lang='lat' dir='ltr'><strong>Heu³</strong></span> 
     </span>
     <span class='ocr_line' id='line_1_36' title="bbox 60 3133 961 3240; baseline 0.002 -61"><span class='ocrx_word' id='word_1_241' title='bbox 60 3135 333 3240; x_wconf 45' lang='lat' dir='ltr'><strong>[mizlgrllgffuanicm’</strong></span> <span class='ocrx_word' id='word_1_242' title='bbox 345 3135 376 3180; x_wconf 85' lang='lat' dir='ltr'><strong>all</strong></span> <span class='ocrx_word' id='word_1_243' title='bbox 394 3134 458 3191; x_wconf 85' lang='lat' dir='ltr'><strong>carly</strong></span> <span class='ocrx_word' id='word_1_244' title='bbox 469 3134 563 3189; x_wconf 84' lang='lat' dir='ltr'><strong>editors,</strong></span> <span class='ocrx_word' id='word_1_245' title='bbox 575 3133 623 3178; x_wconf 87' lang='lat' dir='ltr'><strong>snd</strong></span> <span class='ocrx_word' id='word_1_246' title='bbox 641 3133 679 3178; x_wconf 89' lang='lat' dir='ltr'><strong>tbe</strong></span> <span class='ocrx_word' id='word_1_247' title='bbox 695 3138 797 3178; x_wconf 84' lang='lat' dir='ltr'><strong>extructs</strong></span> <span class='ocrx_word' id='word_1_248' title='bbox 814 3134 880 3181; x_wconf 75' lang='lat' dir='ltr'><strong>stom</strong></span> <span class='ocrx_word' id='word_1_249' title='bbox 890 3134 961 3189; x_wconf 74' lang='lat' dir='ltr'><strong>Betis,</strong></span> 
     </span>
    </p>
   </div>
   <div class='ocr_carea' id='block_1_7' title="bbox 0 0 1032 3946">
    <p class='ocr_par' dir='ltr' id='par_1_9' title="bbox 0 0 1032 3946">
     <span class='ocr_line' id='line_1_37' title="bbox 0 0 1032 3946; baseline 0 1"><span class='ocrx_word' id='word_1_250' title='bbox 0 0 1032 3946; x_wconf 95' lang='lat' dir='ltr'><strong> </strong></span> 
     </span>
    </p>
   </div>
  </div>
 </body>
</html>
