2054 3946
25 33 951 260 u

361 491 433 539 niu.
451 490 503 537 111.
537 491 615 537 CAP.
632 490 669 537 11.
898 497 953 554 167

68 599 215 660 imitandae
230 600 373 659 industrie
388 610 502 668 nostrae,
519 620 650 677 magnam
666 599 816 666 honorum,
833 603 953 657 nonnul·

67 688 127 740 lam
141 681 260 738 sortasse
275 683 410 739 nominis.
452 681 611 756 Suscepisti
634 699 706 737 onus
720 692 855 756 praterea
869 699 953 755 grave

67 770 99 818 et
119 761 305 828 Athenarum,
321 775 349 818 et
370 760 518 836 Cratippi:
542 760 576 816 ad
591 778 662 832 quos
684 779 749 816 cum
771 771 903 831 tanquam
919 757 954 815 ad

70 849 258 898 mercaturam
273 841 408 897 bonarum
430 840 531 896 artium
552 841 592 896 sis
614 839 768 915 profectus,
784 841 895 896 inanem
913 858 954 894 rc·

70 917 131 977 dire
145 919 343 995 turpissimum
359 930 412 984 est,
428 918 644 975 dedecorantem
667 932 695 975 et
714 919 791 974 urbis
806 917 953 974 auctorita·

70 1007 139 1066 tcm,
150 1009 179 1055 et
189 999 326 1075 magistri.
370 998 462 1064 Quare
478 1008 614 1070 quantum
630 998 736 1054 conniti
750 999 845 1054 animo
859 1008 953 1072 poteS,

70 1087 207 1151 quantum
221 1079 317 1135 labore
326 1077 497 1136 contendere
511 1077 547 1156 (si
558 1076 684 1134 discendi
695 1077 790 1134 labor*
803 1088 847 1132 est
859 1077 953 1151 potius

71 1175 157 1229 quam
172 1154 314 1236 voluptas)
330 1168 437 1214 tantum
450 1157 493 1214 fac
505 1169 536 1214 ut
544 1157 651 1213 efficias
663 1157 686 1218 :i
699 1175 770 1212 neve
782 1157 953 1222 committas,

71 1248 111 1302 ut,
122 1255 187 1293 cum
201 1237 298 1294 omnia
307 1236 486 1312 suppeditata
497 1237 554 1293 sint
566 1256 581 1292 a
594 1236 685 1302 nobis,
696 1247 754 1291 tute
767 1237 815 1292 tibi
829 1235 954 1291 defuisse

68 1315 211 1373 videare!
238 1316 295 1373 Sed
310 1317 372 1373 haec
392 1316 538 1372 hactenus,
582 1315 674 1372 Multa
688 1316 764 1371 enirn
787 1334 862 1389 sape
878 1314 911 1371 ad
927 1326 954 1370 te

69 1394 237 1453 cohortandi
259 1397 348 1471 gratia
370 1394 547 1470 scripsimus.
591 1395 676 1451 Nunc
692 1394 725 1450 ad
741 1395 878 1465 reliquam
894 1415 955 1470 par-

71 1486 128 1531 tem
143 1476 297 1550 propositae
312 1474 461 1531 divisionis
478 1485 658 1530 revertamur.

109 1553 256 1611 Panaetius
276 1555 370 1629 igitur,
387 1555 435 1626 qui
456 1555 518 1610 sine
540 1554 731 1610 controversia
746 1552 780 1609 dc
795 1553 896 1609 officiis
911 1573 955 1609 ac·

69 1633 249 1690 curatissime
271 1633 434 1709 disputavit,
450 1651 591 1705 quemque
613 1653 676 1698 nos,
693 1634 867 1688 correctionc
889 1651 956 1703 qua·

70 1711 137 1768 dam
149 1712 283 1778 adhibita,
293 1714 474 1788 potissimum
484 1714 573 1769 secuti
586 1731 695 1778 sumus,
707 1713 794 1768 tribus
805 1713 955 1786 generibus

70 1792 238 1868 propositis,
253 1793 281 1848 in
297 1794 399 1864 quibos
421 1791 574 1848 deliberare
595 1792 727 1849 homines
749 1803 777 1847 et
797 1791 956 1847 consultare

70 1868 107 1927 de
122 1871 219 1928 ollicio
234 1872 368 1938 solerent,
381 1890 449 1935 uno,
465 1890 529 1927 cum
545 1871 712 1934 dubitarent,
723 1871 912 1926 honestumne
927 1869 956 1926 id

69 1961 159 2015 essct,
182 1949 311 2024 dc'quo‡
332 1962 469 2027 ageretur,
490 1970 525 2006 an
547 1962 645 2024 turpe:
675 1951 773 2011 altero,
789 1950 904 2013 utilene,
921 1969 956 2006 an

70 2029 191 2086 inutile:
224 2031 316 2096 tertio,
338 2031 362 2086 si
386 2030 423 2095 id,
445 2029 520 2101 quod
542 2032 666 2105 speciem
693 2029 808 2085 haberet
832 2029 955 2094 honesti,

71 2118 212 2184 pugnaret
237 2128 301 2166 cum
325 2128 359 2166 eo
385 2108 460 2180 quod
487 2109 555 2165 utile
578 2109 729 2173 videretur,
754 2107 898 2180 quomodo
923 2126 957 2164 ea

71 2186 197 2244 discerni
212 2198 371 2265 oporteret;
393 2188 428 2244 de
450 2187 559 2244 duobus
574 2189 724 2264 generibus
739 2188 849 2264 primis,
866 2188 955 2244 tribus

70 2267 154 2324 libris
174 2267 345 2342 explicavit:
368 2267 403 2323 de
425 2267 506 2323 tertio
528 2262 622 2324 autem
643 2287 746 2342 genere
765 2267 899 2342 deinceps
924 2286 955 2323 sc

71 2347 189 2422 scripsit
203 2347 353 2414 dicturum,
370 2365 422 2402 nec
437 2347 499 2424 [id]
516 2348 639 2404 exsolvit
651 2347 727 2419 quod
742 2348 920 2421 promiserat.

113 2426 198 2494 Quod
213 2445 248 2483 eo
264 2427 353 2501 magis
366 2427 462 2492 miror,
474 2428 540 2497 quia
554 2428 690 2501 scriptum
707 2447 722 2482 a
737 2426 877 2502 discipulo
893 2427 955 2501 ejus

72 2504 232 2563 Posidonio
247 2516 300 2571 est,
315 2506 428 2581 triginta
442 2507 540 2578 annis§
562 2507 669 2562 vixisse
684 2507 840 2563 Panaetium
857 2517 957 2581 postea

73 2603 160 2657 quam
175 2603 224 2641 eos
238 2585 324 2642 libros
340 2584 485 2641 edidisset.
528 2587 621 2651 Quem
636 2586 730 2642 locum
744 2588 830 2642 miror
845 2606 860 2640 a
876 2585 957 2642 Posi-

74 2664 161 2721 donio
174 2664 296 2720 breviter
310 2683 373 2720 essc
389 2674 491 2720 tactum
503 2665 530 2720 in
543 2664 711 2736 quibusdam
726 2666 936 2721 commentariis
948 2685 956 2730 ;

73 2745 231 2818 praesertim
246 2762 311 2800 cum
326 2744 438 2809 scribat,
454 2745 562 2800 nullum
579 2763 642 2800 esse
658 2745 751 2800 locum
773 2744 803 2800 in
825 2754 881 2799 tota
894 2745 956 2819 phi·

74 2822 208 2896 losophia
220 2834 276 2879 tam
289 2824 491 2880 necessarium.

113 2903 238 2960 Minime
253 2921 320 2958 vero
334 2903 473 2959 assentior
487 2903 532 2968 iis,
549 2903 597 2974 qui
616 2911 729 2978 negant,
744 2919 808 2957 eum
830 2900 925 2958 locum
942 2922 958 2957 a

108 3064 325 3109 *Disoeadilaboa
357 3065 373 3108 I
398 3064 595 3110 indecorosum
609 3065 747 3109 laboureurs
761 3064 958 3119 properlybeup·

71 3117 141 3214 glad
156 3118 178 3180 to
196 3117 313 3169 lecrm‘ng.
370 3117 398 3161 hc
415 3119 552 3173 expression
571 3119 595 3161 in
614 3120 653 3162 me
674 3121 724 3162 text
741 3117 761 3160 is
778 3117 895 3172 elliptical.
932 3117 958 3162 δι’

92 3170 97 3181 “
109 3170 176 3215 cendi
185 3170 259 3220 labor,
271 3167 334 3214 labor
340 3171 422 3226 portos
429 3172 471 3224 est,
481 3184 555 3226 ortum
566 3172 683 3226 ruluptas.

107 3222 182 3280 †Fac
199 3223 228 3268 ct
244 3223 336 3279 efficim.
371 3224 430 3268 This
447 3225 569 3279 pleonasm
585 3224 604 3267 is
618 3224 677 3268 used
692 3236 718 3268 as
735 3236 800 3268 more
817 3223 958 3278 emphatica}

73 3275 132 3321 than
145 3275 204 3332 effice
211 3295 221 3327 ,·
241 3277 266 3320 be
274 3275 368 3334 eorefol
379 3278 402 3322 to
412 3277 482 3334 effect.

107 3331 232 3391 ssDequo.
265 3332 313 3375 Not
325 3331 435 3386 properly
443 3329 836 3386 atterumorqaomutoaqutuus.
869 3331 959 3387 Demo

73 3394 113 3429 ma
143 3383 171 3426 be
183 3384 332 3436 interpreted,
342 3384 471 3438 repeating
482 3384 564 3429 which.

106 3395 130 3534 ἔ
138 3437 225 3498 Anam,
237 3437 266 3480 al.
278 3448 372 3482 omtos:
390 3437 417 3480 οἱ
430 3436 488 3482 each
503 3438 530 3481 or
544 3437 609 3482 these
620 3437 793 3483 constructione
805 3450 836 3482 an
849 3438 958 3483 instanco

74 3501 94 3536 rs
115 3489 189 3544 ound,
199 3502 222 3534 u.
232 3490 270 3546 22,
281 3489 328 3535 and
339 3491 378 3535 2³.
