2054 3946
359 495 465 543 ttnr.
499 495 649 541 crnxv.
912 503 948 561 47

108 604 196 672 Quod
210 605 235 661 si
250 623 294 673 ea,
308 623 371 677 qum
385 605 490 662 utenda
508 607 663 681 acceperis,
680 606 785 682 majore
807 625 950 674 mensura,

67 687 92 742 si
115 685 204 742 modo
231 685 337 761 poesis,
363 686 446 761 jubet
468 685 585 741 reddere
608 685 754 741 Hesiodus
767 690 793 749 ;*
815 686 951 757 quidnam

69 764 210 822 beneficio
222 764 367 839 provocati
379 765 470 820 facere
484 763 619 820 debemus
633 766 644 820 l
679 769 723 820 An
738 765 855 826 imitarii
869 786 951 843 agros

69 845 190 910 fertiles,
220 844 269 914 qui
289 844 378 900 multo
400 844 464 919 plus
486 843 635 916 efferuntss
655 863 740 916 quam
762 847 951 919 aeceperuntl

68 922 189 981 Etenim
204 923 229 979 si
243 923 272 979 in
286 941 346 989 eos,
360 941 432 994 quos
447 941 594 997 speramus
608 924 690 980 nobis
706 923 879 998 profuturos,
896 945 951 986 nou

69 1003 233 1060 dubitamus
247 1001 341 1058 officia
354 1003 502 1069 conferre3
518 1002 615 1074 quales
628 1002 656 1058 iii
670 1022 719 1059 eos
733 1021 796 1059 esse
804 1002 951 1070 debemus,

70 1084 120 1154 qui
138 1083 200 1158 jam
216 1082 403 1157 prosueruntl
446 1081 522 1138 Nam
539 1101 603 1139 cum
619 1081 675 1138 duo
688 1102 792 1158 genera
803 1083 952 1140 liberalita-

70 1164 107 1219 tis
124 1163 192 1226 siut,
206 1179 296 1218 unum
318 1160 402 1217 dandi
423 1161 566 1226 beneficii,
589 1161 706 1217 alterum
729 1162 883 1229 reddendi;
907 1163 952 1219 de·

72 1260 147 1307 mus,
164 1258 218 1296 nec
232 1258 278 1305 ne,
292 1240 321 1296 in
336 1250 432 1296 nostra
447 1252 584 1316 potestate
596 1250 657 1307 est;
680 1260 737 1297 iion
752 1240 878 1307 reddere,
893 1243 953 1299 viro

71 1322 148 1378 bono
163 1338 222 1376 non
236 1319 313 1385 licet,
328 1319 413 1376 modo
427 1321 456 1376 id
470 1320 562 1376 facere
576 1321 669 1395 possit
682 1321 744 1377 siiie
760 1321 889 1395 injuria.§

58 1405 61 1408 ’
111 1401 303 1474 Acceptorum
332 1408 425 1454 autem
447 1399 650 1456 beneficiorum
673 1410 739 1455 eunt
759 1400 884 1457 delectus
907 1401 954 1458 lia·

71 1479 186 1555 bendi.§
229 1478 293 1534 Nec
309 1476 436 1542 dubium,
452 1479 520 1549 quin
543 1479 669 1535 maximo
682 1480 785 1551 cuique
800 1480 954 1554 plurimum

73 1558 218 1614 debeatur.
254 1556 287 1613 ln
302 1576 359 1628 quo
373 1569 465 1613 tamen
479 1559 507 1613 in
521 1558 632 1633 primis,
647 1578 704 1629 quo
716 1561 837 1631 quisque
848 1562 954 1626 animo,

73 1637 180 1703 studio,
195 1637 395 1693 benevolentia
416 1637 523 1703 lecerit,
539 1636 750 1712 ponderandum
774 1650 825 1694 est.
870 1640 955 1696 Multi

73 1718 152 1774 enim
165 1716 272 1773 faciunt
286 1717 374 1772 multa
388 1717 543 1773 temeritate
559 1717 691 1788 quadam,
707 1719 769 1774 sine
786 1718 896 1793 judicio
911 1720 955 1776 vel

74 1796 172 1862 modo,
187 1797 216 1852 iu
232 1814 342 1863 omnes,
364 1795 409 1851 vel
430 1797 579 1870 repentino
601 1796 734 1867 quodam,
757 1799 838 1868 qnasi
860 1808 954 1864 vento,

75 1875 184 1951 impetu
199 1875 286 1931 animi
301 1875 426 1931 incitati:
450 1893 513 1946 quae
535 1875 672 1931 beneficia
687 1895 767 1946 aeque
783 1896 884 1951 magna
899 1896 954 1934 nou

74 1967 142 2012 sunt
157 1954 296 2019 habenda,
319 1967 401 2026 atque
424 1973 467 2020 ea,
483 1973 546 2025 queo
563 1953 683 2030 judicio,
700 1956 875 2012 considerate
891 1975 955 2012 coii-

75 2045 239 2104 stanterque
255 2033 347 2090 delata
364 2045 439 2090 sunt.
483 2034 542 2090 Sed
567 2035 596 2090 in
618 2034 783 2090 collocando
805 2035 955 2101 beneficio,

74 2115 146 2170 etin
161 2112 309 2169 referenda
319 2114 418 2189 gratia,
434 2112 458 2169 si
470 2124 563 2168 cetera
577 2114 655 2189 paria
670 2124 745 2180 sunt,
761 2115 815 2170 hoc
830 2116 954 2171 maxime

75 2192 164 2249 officii
179 2203 233 2258 est,
250 2193 415 2263 utquisque
431 2194 555 2248 maxime
571 2193 633 2267 opis
656 2193 790 2270 indigeat,
806 2195 844 2250 ita
865 2196 891 2251 ei
907 2213 954 2270 po·

110 2327 123 2354 *
136 2317 262 2363 Hesiodus.
296 2317 355 2370 Ἐργ.
369 2329 391 2362 v.
403 2318 455 2361 322.

226 2378 259 2425 Ed
268 2385 304 2435 μὲν
313 2385 437 2434 μετρεῖσθαι
448 2385 503 2434 παρὰ
513 2386 614 2437 γεῖτονος.
624 2377 648 2425 ed
656 2381 674 2426 δ’
684 2383 803 2437 ἀποδοῦναι,

225 2433 290 2475 Atro
298 2435 328 2474 τῶ
336 2435 412 2485 μέτρω,
422 2435 457 2474 καὶ
465 2434 538 2480 λώϊον,
549 2429 596 2474 αἴκε
605 2434 683 2480 lovini.

222 2482 262 2529 'us
271 2473 297 2524 dv
306 2476 404 2537 alpaidem
413 2484 447 2523 καὶ
456 2483 476 2528 ἐς
483 2481 571 2532 ὕστερον
581 2479 655 2532 ἄρκιον
664 2481 730 2532 εὕρῃς.

107 2546 290 2610 mumdum.
324 2548 363 2609 llll
382 2547 447 2609 carly
464 2547 572 2608 editions,
591 2546 647 2590 with
662 2546 701 2608 the
719 2547 844 2602 exception
864 2550 892 2592 of
908 2548 957 2610 thal

77 2600 173 2657 printed
184 2613 209 2643 in
222 2602 303 2653 Rome,
315 2613 368 2656 give
379 2600 426 2644 this
437 2605 604 2653 interrogation
623 2603 764 2654 negatively.
777 2613 869 2650 iiuuon,
881 2603 958 2645 which

76 2655 175 2707 reading
187 2653 311 2698 Facciolati
330 2654 379 2696 and
397 2654 490 2698 Ernesti
509 2654 589 2707 adopt.
622 2653 674 2696 The
694 2655 845 2706 Heusingers,
867 2656 941 2698 findin

76 2707 115 2751 the
127 2710 223 2769 present
232 2710 286 2768 ¹tert
295 2707 400 2750 retained
412 2708 436 2749 iri
447 2707 477 2750 all
486 2707 524 2750 the
532 2705 684 2750 Msswhich
696 2706 750 2761 they
759 2707 817 2750 have
830 2709 935 2769 consulte
952 2738 958 2759 ,

76 2761 136 2804 have
147 2771 218 2814 given
231 2764 249 2802 it
260 2759 299 2804 the
312 2760 455 2820 preference.
489 2761 513 2803 It
529 2759 560 2814 by
572 2772 604 2802 no
621 2771 704 2802 means
721 2771 798 2802 seems
815 2769 909 2813 against
920 2761 959 2804 thu

69 2814 179 2875 ‚analogy
192 2813 221 2856 ot*
228 2813 267 2856 the
277 2815 348 2858 Latin
359 2818 454 2876 tangue,
467 2825 493 2856 or
504 2812 617 2863 unusual,
630 2817 653 2855 to
666 2812 718 2867 give
730 2818 753 2855 to
766 2826 779 2855 a
791 2813 834 2855 sim
855 2814 958 2874 lejntei·

75 2871 184 2922 rogation
197 2865 237 2909 the
248 2877 317 2910 sense
330 2866 357 2929 of
368 2868 494 2919 atlirming.
531 2865 622 2911 Suntne
633 2866 668 2909 sor
685 2877 764 2927 noune
780 2878 827 2927 sup
842 2898 848 2917 ,
868 2880 900 2909 iii.
914 2868 957 2909 ii:

76 2920 162 2964 dubito
173 2930 213 2969 ait,
225 2919 273 2962 and
284 2930 359 2964 neruo
369 2931 409 2971 un,
423 2932 462 2962 are
474 2924 498 2963 to
509 2917 536 2962 be
548 2918 690 2962 understood
702 2931 727 2962 in
740 2932 754 2961 a
765 2919 853 2961 similar
865 2920 942 2962 mode.

110 2975 160 3024 ssE
179 2972 260 3017 eruut.
294 2971 792 3068 AfferumpinsomeMssqofferrenl,in
810 2984 863 3015 one.
898 2974 959 3015 Gra·

75 3025 485 3142 llliiitac.⁰lltellltlldldloiddirionoster
496 3089 592 3140 animus
609 3074 700 3122 ellicere
718 3077 791 3131 possit
807 3077 870 3131 quod
889 3090 959 3130 agerz

75 3145 116 3188 qui
129 3145 186 3177 cuin
197 3131 285 3174 multos
298 3143 374 3175 annos
384 3130 606 3186 quievit,uhenores
617 3132 697 3175 efferre
707 3131 784 3184 fruges
795 3131 880 3174 solet.’'
903 3131 958 3175 And

76 3187 154 3254 iri'St.
165 3179 245 3229 Paul’e
261 3184 353 3240 Epistle
369 3188 394 3228 to
411 3185 449 3229 the
467 3184 588 3239 Hebrews,
605 3183 673 3240 chop.
684 3184 714 3227 vi.
725 3196 747 3227 v.
758 3183 779 3236 8,
793 3186 824 3231 Γῆ
841 3185 959 3236 ἐκφέρουσα

74 3240 200 3351 ““ἔθὲἷ·ἠε
210 3290 323 3347 ajuro:
340 3289 441 3336 uittam
452 3289 573 3351 vuiaitng
585 3289 621 3334 iic
637 3289 714 3344 rrgtu
726 3289 756 3345 of
766 3288 846 3335 otios.
880 3288 960 3350 uacet

74 3343 131 3387 ohiti
145 3348 287 3406 interprets3
302 3344 336 3388 ita
351 3344 435 3388 reddat
445 3349 472 3389 ut
483 3356 533 3388 non
551 3343 658 3387 videatur
674 3343 737 3386 nolle
754 3343 844 3396 debere,
856 3345 881 3384 et
891 3354 959 3396 quasi

74 3397 373 3503 veidiliiclilvediiienat:
389 3450 418 3495 tn
429 3449 581 3505 omortag
599 3449 635 3496 tie
651 3447 793 3506 oiiigauans
807 3448 914 3502 received
925 3459 959 3494 wi

71 3504 141 3547 uiuet
149 3503 223 3548 make
233 3515 301 3550 some
309 3504 506 3554 cheminatum

418 3025 448 3068 ati
460 3037 581 3086 approves,
591 3025 631 3068 the
639 3028 743 3088 *present
754 3023 857 3078 reading.
892 3025 959 3069 Thus
