2054 3946
455 467 534 512 cnr.
552 466 601 512 xc
903 474 959 529 271

74 581 141 633 natu,
153 589 206 622 meo
219 575 274 638 jure
286 575 424 639 respondeo.
457 573 568 626 &evole
586 575 658 624 Recte
675 583 702 624 tu
718 575 831 638 quidem:
848 579 962 639 quamcb·

73 658 125 690 rem
137 642 271 691 audiamus.

107 774 140 823 X.
158 774 259 824 lelius.
277 775 366 824 Audite
383 793 447 837 ergo,
464 776 547 839 optimi
565 776 615 834 viri,
633 793 668 835 eu,
681 793 733 839 quie
751 777 879 839 sepissime
898 777 962 826 inter

73 851 144 890 nicet
156 843 294 905 Scipionem
301 844 331 892 de
341 843 444 892 aruicitis
455 844 644 893 disserebantur:
657 859 801 906 quamquam
815 844 853 892 ille
864 845 960 907 quidem

73 908 134 956 nihil
146 909 266 959 difficilius
284 927 336 958 esse
347 909 445 968 dicebat,
457 927 529 973 quam
547 910 675 959 amicitiam
689 926 764 973 usque
779 911 809 959 erl
826 921 960 961 extremum

74 975 127 1024 vite
144 992 289 1039 permanere.
322 977 396 1035 Nam,
408 979 444 1026 vel
461 986 488 1026 ut
505 978 633 1026 nunidem
651 978 771 1040 expediret
789 979 889 1040 utrique,
901 978 960 1027 inci·

73 1043 128 1090 dere
140 1060 216 1105 sepe3
234 1045 272 1092 vel
284 1052 311 1092 ut
321 1045 351 1092 de
368 1043 489 1107 republica
500 1060 549 1091 nou
566 1044 629 1093 idern
641 1045 771 1103 sentirent3
790 1044 875 1093 mutari
887 1045 960 1094 etiam

73 1124 151 1157 moros
163 1110 288 1160 hominum
300 1127 361 1173 sepe
372 1112 471 1169 dicebat,
483 1112 542 1158 alias
562 1111 666 1159 adversm
680 1113 757 1169 rebus,
769 1112 827 1160 alius
844 1120 912 1159 etate
923 1112 960 1160 iu·

73 1187 231 1236 gravescente.
266 1179 347 1240 Atque
357 1194 440 1226 earum
453 1193 531 1225 rerum
543 1180 680 1240 exemplum
691 1194 721 1226 ex
734 1179 887 1228 similitudine
896 1179 960 1242 capi·

72 1245 127 1291 ebat
143 1243 249 1293 ineuntis
260 1245 342 1303 atatis,
353 1245 417 1307 quod
428 1244 517 1292 summi
529 1260 655 1308 puerorum
667 1261 758 1293 amores
770 1263 831 1310 sepe
843 1262 959 1295 unacum

73 1318 186 1372 praetextu
197 1320 347 1373 ponerentur.
917 1323 920 1329 '

107 1377 152 1424 Sin
160 1385 239 1427 autem
249 1379 278 1426 ad
288 1377 471 1426 adolescentiam
478 1378 653 1441 perduxissent,
662 1378 740 1427 dirimi
752 1388 830 1428 tamen
839 1380 960 1429 interdum

72 1444 232 1502 contentione,
250 1447 287 1494 vel
305 1445 394 1493 uxoria
409 1445 561 1504 conditionis,
580 1448 616 1494 vel
634 1446 752 1494 commodi
768 1447 878 1510 aienius,
896 1447 960 1509 quod

72 1511 135 1558 idem
149 1511 247 1574 adipisci
257 1520 354 1574 uterque
366 1528 415 1560 non
425 1521 510 1575 posset.
546 1513 618 1572 Quod
631 1513 701 1575 siqui
712 1513 808 1573 lougius
819 1514 844 1561 iu
853 1514 960 1563 amicitia

72 1578 177 1639 provecti
191 1588 275 1637 essent,
288 1587 368 1628 tamen
380 1595 441 1642 sepe
454 1579 593 1638 labefactari,
603 1580 626 1628 ai
637 1579 662 1627 in
674 1580 772 1627 honoris
780 1581 958 1630 contentionem

72 1643 227 1693 incidissent:
246 1655 336 1709 mtem
348 1647 413 1694 enim
424 1647 538 1710 majorem
551 1663 603 1695 esse
615 1647 706 1695 nullam
715 1646 832 1704 amicitiis,
848 1663 921 1709 quam
933 1647 959 1696 iu

72 1712 191 1774 plerisque
202 1713 309 1774 pecunie
327 1713 488 1776 cripiditatem,
500 1713 525 1761 in
544 1713 640 1776 optimis
652 1714 785 1776 quibusque
802 1713 899 1762 honoris
910 1731 959 1763 cer-

71 1786 154 1826 tamen
166 1787 189 1826 et
200 1780 296 1839 glorie3
312 1796 343 1827 ex
356 1796 404 1842 quo
421 1779 558 1828 inimicitias
575 1780 693 1829 maximas
708 1795 771 1842 saepe
788 1779 850 1828 inter
865 1780 960 1830 amicis·

71 1844 146 1893 simos
162 1846 287 1896 exstitisse.
322 1846 412 1907 Magna
429 1847 494 1895 enim
510 1847 800 1910 dissidia,etplerumque
809 1847 872 1910 justi
884 1849 958 1906 nasci,
981 1884 986 1894 .

71 1927 128 1959 cum
146 1912 236 1974 aliquid
252 1914 281 1961 ab
295 1912 387 1971 amicis,
400 1913 464 1975 quod
482 1921 573 1962 rectum
590 1930 639 1961 non
657 1922 726 1971 esset,
740 1908 913 1977 postularetur,
931 1923 960 1964 ut

71 1986 115 2025 aut
126 1978 229 2026 libidinis
246 1979 356 2036 ministri,
368 1988 410 2028 aut
426 1981 545 2044 adjutores
560 1989 643 2030 essent
654 1981 683 2029 ed
695 1981 823 2046 injuriam:
840 1981 904 2044 quod
916 1981 958 2044 qui

71 2053 215 2103 recusarent,
227 2046 336 2109 quamvis
353 2047 452 2095 honeste
469 2047 493 2095 id
504 2047 614 2106 facerent,
623 2049 665 2112 jus
677 2056 757 2097 maren
769 2048 877 2096 amicitie
892 2048 958 2096 dese·

70 2128 122 2159 rere
139 2121 293 2173 arguerentur
310 2115 339 2160 ab
357 2113 386 2161 iis
404 2114 491 2176 quibus
507 2114 606 2177 obsequi
622 2116 728 2163 nollent:
744 2115 798 2163 illos
815 2124 903 2173 antem,
915 2115 957 2178 qui

70 2179 166 2242 quidvis
184 2181 213 2227 ab
231 2182 308 2229 amico
327 2181 441 2229 auderent
458 2183 584 2243 postulare,
601 2182 760 2245 postulatione
777 2182 830 2245 ipsa
846 2182 957 2244 profiteri,

69 2246 153 2294 omnia
172 2262 198 2294 se
215 2247 285 2296 amici
300 2263 372 2295 causa
388 2263 441 2295 esse
457 2247 575 2296 facturos:
601 2264 684 2297 eorum
702 2250 796 2310 querela
812 2249 956 2298 inveteratas

69 2329 121 2361 non
142 2314 213 2362 modo
233 2314 403 2362 familiaritates
420 2314 542 2375 exstingui
561 2315 642 2373 solere,
661 2315 703 2363 sed
722 2316 794 2364 etiam
813 2315 868 2364 odia
886 2316 955 2378 gigni

69 2380 221 2442 sempiterna.
254 2381 315 2430 Hac
331 2380 365 2428 ita
383 2383 465 2439 multa,
476 2383 545 2442 quasi
561 2382 616 2440 sata,
632 2381 769 2445 impendere
786 2383 903 2441 amicitiis,
920 2392 956 2442 ut,

69 2447 152 2496 omnia
174 2447 343 2508 subterfugere,
360 2463 411 2496 uon
432 2448 504 2496 modo
526 2448 655 2513 sapientie,
672 2449 714 2498 sed
735 2450 808 2499 etiam
831 2451 956 2509 felicitatis,

68 2514 158 2562 diceret
168 2514 213 2562 sibi
225 2514 305 2563 videri.

102 2647 147 2696 XI.
165 2649 326 2706 Quamobrem
338 2649 363 2698 id
374 2648 478 2711 primum
491 2649 620 2708 videamus,
630 2650 653 2698 si
664 2651 748 2713 plreet,
758 2658 878 2713 quatenus
889 2667 956 2701 arnor

68 2715 95 2762 in
107 2714 212 2762 amicitia
229 2715 337 2778 progredi
354 2717 444 2765 debeat.
477 2716 553 2774 Num,
565 2717 586 2764 si
599 2715 742 2765 Coriolanus
758 2717 842 2766 habuit
858 2718 955 2778 amicos,

68 2781 128 2830 ferre
141 2791 223 2830 contra
237 2782 339 2845 patriam
356 2799 423 2832 arma
438 2782 473 2831 illi
484 2799 539 2832 cum
551 2782 680 2833 Coriolano
690 2785 809 2832 debueret
829 2800 889 2833 num
901 2785 956 2834 Vis·

68 2848 182 2896 collinum
193 2848 272 2908 amici,
283 2865 385 2910 reguum
401 2857 558 2913 appetentem,
571 2865 631 2898 nurn
641 2849 685 2913 Sp.
697 2850 811 2910 Maelium,
822 2852 956 2901 debuerunt

86 2915 175 2964 uvarel

72 2931 83 2978 J
102 2982 142 3030 Ti.
154 2982 251 3043 quidem
262 2982 399 3032 Gracchum
416 2982 586 3046 rempublicam
602 2978 738 3042 vexantem,
748 2999 765 3031 a
775 2983 807 3043 Q.
819 2985 954 3044 Tuberone,

68 3049 246 3112 aequalibusque
263 3049 353 3107 amicis,
364 3050 502 3098 derelictum
518 3050 664 3099 videbamus.
699 3051 734 3098 At
745 3049 775 3099 O.
788 3051 895 3110 Blosius,
905 3051 955 3100 Cu-

68 3131 163 3173 manus,
176 3116 264 3180 hospes
284 3117 379 3166 familie
395 3124 486 3172 vestre,
499 3117 610 3174 Scevola,
622 3133 679 3166 cum
696 3117 727 3165 ad
743 3133 789 3175 me,
801 3119 843 3180 qui
859 3119 954 3168 aderam

69 3181 162 3230 Lanati
180 3191 206 3231 et
221 3183 319 3246 Rupilio
336 3184 473 3233 concidibus
489 3183 515 3232 iu
533 3183 639 3242 consilio,
656 3184 825 3247 deprecantinm
843 3186 955 3246 venisset,

68 3249 140 3308 hano,
152 3258 179 3298 ut
194 3250 240 3299 sibi
256 3250 411 3311 ignoscerem,
427 3266 524 3300 causam
541 3249 659 3310 afferebat,
669 3251 734 3314 quod
751 3251 812 3300 tanti
830 3252 870 3300 Ti.
881 3252 945 3301 Grae

68 3317 143 3364 chum
166 3317 267 3375 fecisset,
285 3326 320 3376 ut,
337 3318 453 3381 quidquid
478 3317 518 3366 ilie
538 3320 615 3376 vellet,
632 3317 678 3366 sibi
693 3317 830 3368 faciendum
852 3326 953 3382 putaret.

68 3382 136 3430 Tum
154 3400 206 3445 ego,
223 3392 237 3414 ‘⁴
246 3384 365 3443 Etiamne,
387 3385 408 3434 si
428 3393 451 3433 te
473 3384 500 3432 in
518 3383 665 3448 Capitolium
686 3384 751 3433 iaces
772 3385 831 3435 ferre
849 3384 953 3435 velleti”

68 3456 84 3479 “
92 3449 118 3498 N
120 3450 250 3514 unquam,”
261 3451 347 3517 iuqrrit,
360 3452 493 3502 “vobriaset
503 3451 528 3501 id
540 3451 659 3517 quidem.”
681 3451 792 3515 “Bochai
803 3451 917 3504 voluisset
925 3450 954 3503 1⁹⁹
