2054 3946
95 183 133 236 28
411 177 457 223 os
476 176 655 224 carioris.

99 304 157 342 non
172 285 254 342 nobis
269 285 378 342 solum*
393 287 451 343 nati
473 305 582 353 sumus,
597 296 732 358 ortusque
753 288 842 345 nostri
864 296 973 364 partem

96 366 186 440 patria
201 363 334 432 vindicat,
350 376 457 440 partem
471 366 571 432 amici;
593 376 677 438 atque
691 376 723 421 ut
736 367 828 441 placet
842 366 974 435 Stoicis,l

97 463 160 516 quae
181 445 211 500 in
232 444 312 500 terris
340 445 502 520 gignuntur,
531 444 566 501 ad
589 464 673 501 usum
701 445 849 502 hominum
878 447 975 503 omnia

99 524 208 590 creari3
230 523 362 579 homines
383 535 477 580 autem
498 524 647 581 hominurn
668 543 754 580 eausa
773 544 836 581 esse
858 544 973 601 genera·

98 613 153 665 tos,
168 613 199 659 ut
213 603 269 678 ipsi
284 603 357 659 inter
371 621 402 658 se
415 603 478 659 aliis
494 604 541 659 alii
561 603 697 678 prodesse
718 613 854 679 possent:
876 605 905 662 in
918 604 974 663 hoc

97 692 223 739 naturam
239 681 374 739 debemus
389 681 490 739 ducein
505 682 597 754 sequi,
613 701 779 739 communes
794 684 929 740 utilitates
944 685 973 741 in

96 760 223 818 medium
244 761 354 827 afferre,
370 762 524 818 mutatione
545 761 732 835 officiorum,‡
752 761 855 830 dando,
871 763 974 838 accipi·

96 839 184 908 unde,
199 850 258 898 tuin
273 841 389 906 artibus,
406 850 465 897 tuin
478 859 575 916 opera,
591 851 649 897 turn
673 841 861 908 facultatibus,
877 841 975 900 devin-

97 919 717 978 cirehominurninterhominessocietatem.
745 920 975 979 Fundamentum

96 1009 142 1055 est
154 1010 246 1056 autem
263 1000 380 1074 justitiae
396 999 486 1066 fides;
505 998 534 1055 id
549 1008 592 1054 est
606 999 744 1056 dictorum
759 1011 975 1059 conventorum·

98 1096 154 1149 que
182 1079 339 1135 constantia
359 1087 387 1134 at
407 1079 520 1134 veritas.
562 1077 611 1135 Ex
632 1097 698 1151 quo,
725 1098 897 1150 quamquam
918 1079 974 1137 hec

97 1157 238 1213 videbitur
251 1157 368 1213 sortasse
384 1157 506 1233 cuipiam
518 1157 625 1224 durius,
637 1169 730 1214 tamen
744 1157 896 1215 audeamus
912 1159 975 1217 imi·

97 1237 149 1292 tari
171 1236 294 1301 Stoicos,
311 1236 360 1308 qui
381 1236 508 1294 studiose
529 1237 691 1308 exquirunt,
713 1236 789 1294 unde
811 1237 896 1294 verba
916 1239 975 1295 sirit

97 1314 200 1381 ducta3
223 1314 439 1387 credamusque,
454 1316 521 1387 quia
534 1316 575 1381 fit,
592 1316 667 1388 quod
683 1315 788 1373 dictum
810 1327 863 1384 est,
878 1318 975 1392 appel·

97 1393 182 1451 lateiii
196 1393 310 1469 fidem.§
352 1393 409 1450 Sed
423 1394 568 1470 injustitiae
584 1414 688 1470 genera
708 1395 764 1453 duo
779 1408 862 1453 sunt:
884 1416 975 1454 unum

97 1491 205 1540 eorum,
221 1475 270 1546 qui
284 1469 428 1541 inferunt3
450 1474 568 1531 alterurn
583 1493 690 1541 eorum,
707 1475 757 1547 qui
770 1476 803 1532 ab
814 1476 860 1541 iis,
870 1476 973 1548 quibus

96 1552 223 1620 infertur,
239 1555 264 1610 si
285 1563 414 1630 possunt,
430 1572 490 1611 non
510 1555 678 1629 propulsant
698 1555 853 1630 injuriamll
897 1555 974 1613 Nam

95 1677 183 1733 patria.
196 1677 238 1722 sed
249 1678 306 1741 suis,
315 1683 342 1723 ut
352 1680 482 1734 perexigua
490 1691 546 1734 pars
556 1677 602 1739 ipsi
614 1678 783 1740 relinquatur.’'
804 1679 835 1742 ΙΙη
844 1678 899 1723 both
908 1679 975 1724 these

95 1731 259 1785 paraphrases,
270 1735 289 1775 it
300 1744 320 1775 is
331 1732 464 1777 observable
474 1732 525 1776 that
537 1733 617 1775 Cicero
629 1738 699 1775 omits
709 1733 749 1776 the
766 1733 836 1776 claim
852 1733 974 1788 expreirsly

94 1783 205 1882 pnsgilplppg
216 1785 481 1882 pimppperpppernpprhaps
491 1785 528 1829 his
540 1785 653 1839 meaning
665 1798 722 1840 was,
731 1786 781 1830 that
798 1791 895 1841 parents
912 1798 974 1832 wera

130 1889 210 1950 {Non
220 1849 383 1935 witigisclum.
418 1892 448 1934 So
460 1891 490 1934 all
500 1892 565 1935 MSS.
575 1890 623 1935 aud
640 1891 705 1952 early
717 1891 830 1944 editions3
847 1896 891 1936 not
899 1892 972 1944 solur

95 1939 174 1985 which
191 1941 288 2004 reading
305 1943 399 2004 Ernesti
416 1944 512 1999 adopts:
530 1944 633 1989 scheller
649 1944 729 2006 thinhs
740 1944 777 2005 the
789 1945 917 1989 correction
929 1957 974 1990 uri-

94 2006 229 2092 ffiffgafy’
249 2000 322 2050 citing
343 1996 402 2041 Phil.
418 2008 449 2040 11.
460 2009 480 2041 c.
491 1997 528 2042 32.
561 1999 626 2042 ‘Nos
644 2001 820 2042 nuntiationem
836 1999 917 2044 sotum
934 1998 974 2044 ha·

127 2100 188 2158 †Ut
195 2101 273 2156 placet
286 2100 377 2147 Slot'cis.
411 2103 439 2146 In
457 2102 591 2157 particular,
602 2103 685 2158 Chrysi
705 2115 757 2158 pus.
790 2102 850 2148 Vide
868 2105 904 2149 De
920 2104 973 2150 nin.

94 2153 134 2198 lib.
144 2165 183 2198 ni.
195 2167 215 2198 c.
227 2155 264 2208 20,
276 2155 324 2199 and
342 2156 377 2200 De
388 2157 418 2201 N.
431 2156 593 2218 Deorum-lib.
605 2167 633 2199 ir.
644 2169 664 2200 c.
673 2117 709 2219 el,
744 2158 812 2200 Some
830 2157 917 2202 editors
933 2169 974 2203 ex·

94 2208 973 2308 tritt?tmrtthtnttttattttritiumtttatt‘ltt

93 2314 165 2368 atque
174 2314 241 2358 reads
256 2315 413 2370 constatque.-
427 2315 508 2367 Olivet,
520 2301 641 2370 following
659 2295 797 2368 liamhinus,
814 2316 882 2360 reads
901 2296 973 2372 eique

94 2367 131 2411 ita
145 2367 226 2422 piacet.
262 2369 399 2423 Heumann,
417 2369 489 2423 aine
507 2369 588 2423 puroet.
622 2371 660 2414 No
674 2370 724 2413 MS.
736 2368 779 2412 has
797 2368 855 2413 been
873 2370 973 2414 referred

94 2424 127 2473 to,
139 2420 283 2474 warranting
294 2433 343 2475 any
355 2422 383 2466 of
396 2421 461 2466 these
473 2421 596 2475 readings:
614 2421 654 2465 the
666 2426 761 2476 present
771 2422 791 2466 is
803 2423 932 2467 confirmed
942 2423 972 2479 by

94 2485 126 2517 an
138 2476 229 2518 extract
240 2474 300 2518 froin
311 2474 350 2518 the
360 2475 483 2519 venerable
492 2474 563 2528 Bede,
575 2473 629 2518 who
637 2474 683 2518 had
694 2475 782 2529 quoted
794 2476 812 2519 it
822 2476 848 2519 in
860 2475 898 2521 the
907 2488 973 2521 sanie

94 2531 290 2630 terinillistuti'oite
302 2580 441 2637 officmrum.
476 2581 512 2635 By
525 2579 657 2643 reciprocat
663 2581 724 2643 gopd
737 2581 824 2626 odires.

127 2632 242 2687 §didam
277 2636 313 2688 By
326 2634 389 2678 what
422 2647 500 2696 rocess
509 2633 571 2688 fidat
582 2635 639 2677 used
651 2646 676 2678 in
685 2640 722 2697 ¹its
733 2639 829 2696 present
840 2647 910 2698 sense¹
927 2646 973 2697 can

94 2684 122 2729 lie
134 2685 222 2748 formed
233 2687 292 2731 from
305 2699 353 2749 any
363 2648 442 2749 verlial
453 2687 546 2731 derived
558 2687 618 2732 from
651 2701 670 2739 o,
683 2692 701 2732 it
711 2701 731 2731 is
743 2688 876 2751 ermemiro
886 2689 973 2750 diurne.

94 2738 144 2782 The
155 2740 266 2794 ordinary
277 2752 376 2802 opinion
388 2753 408 2802 is
418 2740 490 2786 much
507 2753 571 2785 more
601 2753 625 2783 ro
642 2741 693 2785 able
712 2742 762 2784 that
771 2741 835 2795 fides
847 2755 867 2785 is
879 2741 973 2804 derined

93 2791 152 2886 frprn
164 2805 178 2835 a
189 2804 255 2836 noun
265 2793 293 2836 of
300 2793 389 2837 similar
397 2799 490 2850 impert,
503 2795 576 2839 torma
603 2794 663 2839 troni
673 2794 753 2846 πείθως
765 2807 791 2837 as
800 2799 873 2843 πίστις
882 2795 973 2840 AEohce

94 2856 131 2885 ar
169 2874 175 2888 .

128 2859 401 2957 illitam-injurium.
436 2900 568 2954 According
580 2903 603 2943 te
616 2898 655 2943 the
673 2897 820 2960 distributi-on
833 2901 861 2943 of
874 2901 972 2962 modern

93 2946 173 3000 athies,
185 2950 224 2994 the
236 2953 323 2996 second
332 2952 412 2997 would
423 2952 451 2996 be
463 2953 551 2996 elassed
564 2963 651 3005 among
661 2951 699 2996 the
711 2952 835 2995 violations
847 2954 874 2996 of
888 2966 971 3008 irriper-

93 2999 141 3044 sect
152 3002 298 3052 obligations.
331 3006 361 3050 In
373 3006 405 3050 all
422 3005 552 3057 cases,and
564 3010 588 3048 at
604 3007 636 3048 all
651 3005 726 3056 times,
744 3018 781 3049 we
798 3010 861 3048 must
879 3006 970 3051 ahstain

86 3050 150 3096 from
159 3055 279 3119 i'ntiicting
289 3057 389 3114 injuriea
401 3070 432 3101 on
442 3058 532 3101 others:
550 3070 586 3100 we
603 3070 642 3101 are
660 3057 726 3101 liable
738 3061 762 3101 to
774 3059 935 3112 punishment,
946 3060 971 3104 iii

77 3113 94 3142 a
102 3109 168 3165 §tate
177 3108 210 3150 οἰ
220 3115 319 3167 society,
329 3113 379 3156 and
396 3111 480 3156 bound
493 3115 519 3155 to
536 3111 604 3154 malie
618 3111 757 3154 rehihutieri
774 3113 869 3166 always,
880 3113 916 3155 tor
932 3113 971 3156 the

62 3152 174 3207 ⁴iriynries
191 3172 228 3205 we
240 3165 370 3212 ouraelves
381 3167 496 3213 commit:
515 3164 559 3209 hut
568 3163 610 3209 tha
626 3164 684 3218 duty
696 3165 722 3207 ot
735 3164 977 3209 interhieurs'xntha
