2054 3946
439 485 517 531 car.
535 485 614 530 ιἰιι.
898 489 957 543 245

72 594 168 660 Iosophi
178 592 267 643 aeneai
286 609 358 656 quam
370 594 446 642 multa
457 593 633 643 meminerunt!
669 593 770 642 Manent
787 591 884 654 ingenio
896 592 958 641 seni·

71 665 126 720 bus,
137 662 209 711 modo
220 670 357 724 permaneat
368 661 474 710 studium
486 670 511 709 et
521 661 654 718 industria;
666 676 711 709 nec
722 677 751 708 ea
762 662 839 709 solum
852 660 877 707 in
889 660 958 708 claris

71 738 99 779 et
114 729 235 778 honoratis
246 728 309 786 viris,
321 728 362 777 sed
379 728 405 777 in
417 729 466 776 vita
484 728 555 777 etiam
572 728 663 791 privata
674 736 698 776 et
708 728 794 790 quieta.
828 726 959 789 Sophoclea

71 797 106 847 sd
122 811 242 845 summam
259 804 406 845 senectutem
424 795 548 856 tragmdias
564 796 634 854 secit;
653 795 717 859 quod
734 803 828 858 propter
845 795 958 852 studium,

71 880 130 913 cum
146 879 197 911 rem
208 861 346 911 familiarem
363 863 483 923 negligere
494 862 618 920 videretur,
630 879 645 911 a
655 862 710 911 tiliis
722 861 747 910 in
761 862 879 925 judicium
891 877 959 910 voca·

73 939 114 979 tus
133 938 185 988 est;
211 937 247 987 ut,
267 930 467 993 quemadmodum
486 938 567 978 nostro
586 945 651 978 mora
670 930 732 977 male
751 944 801 976 rem
825 928 959 988 gerentibus

73 997 180 1061 patribus
201 995 269 1044 bonis
286 995 394 1045 interdici
411 997 478 1054 solet,
496 996 530 1044 sic
547 997 623 1055 illum,
635 996 703 1060 quasi
721 996 883 1059 desipientem,
900 1011 914 1042 a
933 1009 959 1041 re

72 1063 184 1113 familiari
205 1072 353 1112 removerent
372 1063 472 1127 judices.
506 1063 572 1111 Tum
584 1079 658 1112 senex
678 1062 764 1111 dicitur
777 1079 830 1110 eam
848 1062 959 1117 subulam,

72 1146 147 1194 quam
158 1130 185 1178 in
201 1130 312 1178 manibus
329 1131 436 1188 habebat,
447 1138 472 1177 et
488 1130 596 1193 proxime
613 1129 743 1193 scripserat,
756 1129 875 1191 OEdipum
888 1127 959 1176 Colo·

72 1212 155 1256 neum,
172 1196 281 1245 recitasse
294 1197 421 1261 judicibus,
433 1197 598 1260 quaesisseque,
610 1194 667 1275 pom
685 1196 744 1245 illud
761 1212 855 1244 carmen
873 1195 959 1258 desipi-
974 1192 1002 1239 α

72 1264 136 1313 entia
148 1264 280 1313 videretur:
299 1280 346 1326 quo
358 1263 461 1320 recitato,
473 1264 597 1312 sententiis
607 1264 717 1328 judicum
728 1271 764 1311 est
776 1264 893 1311 liberatus.

107 1330 178 1380 Num
195 1330 267 1392 igitur
284 1331 357 1389 hune,
374 1347 434 1380 num
452 1331 594 1389 Homerum,
611 1347 670 1379 num
691 1331 832 1386 Hesiodum,
845 1345 904 1377 num
922 1328 959 1377 Si·

74 1398 204 1457 monidem,
222 1414 283 1446 num
301 1397 470 1456 Stesichorum,
488 1413 548 1446 num
568 1398 641 1461 (quos
663 1406 719 1446 ante
742 1397 804 1463 dixi)
825 1397 959 1454 Isocratem,

72 1463 196 1527 Gorgiam,
215 1480 274 1513 num
295 1465 490 1528 philosophorum
509 1465 635 1528 principes,
653 1464 821 1527 Pythagoram,
838 1462 961 1511 Democri·

73 1538 133 1589 tum,
151 1547 211 1580 num
229 1533 362 1589 Platonem,
381 1548 440 1581 num
463 1532 630 1587 Xenocratem,
647 1548 707 1580 num
729 1538 811 1594 postea
828 1530 960 1587 Zenonem,

73 1596 226 1656 Cleanthem,
238 1608 279 1647 aut
294 1614 357 1656 cum,
375 1615 446 1661 quem
464 1615 507 1647 vos
523 1600 595 1647 etiam
611 1599 693 1647 Βοιιιω
709 1597 807 1654 vidistis,
825 1597 958 1657 Diogenem

71 1664 192 1723 Stoicum,
203 1666 285 1726 coegit
295 1666 321 1713 in
333 1666 383 1713 auis
400 1666 484 1715 studiis
502 1668 662 1714 obmutescere
679 1665 804 1713 senectasl
824 1680 855 1712 an
867 1679 917 1711 non
933 1663 959 1713 in

71 1731 187 1781 omuibus
198 1732 228 1781 iis
239 1732 370 1781 studiorum
382 1733 479 1794 agitatio
490 1733 543 1782 vite
554 1732 652 1795 equalis
662 1731 726 1781 fuist

105 1799 168 1861 Age,
179 1808 207 1847 ut
218 1799 264 1848 ista
274 1799 357 1848 divina
367 1801 445 1849 studia
456 1800 600 1857 omittamus,
612 1814 710 1862 possum
726 1797 848 1846 nominare
860 1813 890 1844 ox
902 1812 959 1857 agro

70 1864 163 1915 Sabino
182 1867 282 1915 rusticos
300 1867 428 1925 Romanos,
440 1867 531 1915 vicinos
547 1874 572 1915 et
587 1865 713 1914 familiares
731 1881 804 1921 meos,
816 1865 903 1926 quibus
920 1865 960 1912 ab·

71 1933 189 1991 sentibus,
197 1950 322 1997 nunquam
334 1935 381 1982 sere
392 1936 441 1983 ulla
453 1934 478 1982 in
490 1950 547 1996 agro
558 1934 647 1997 majora
658 1949 730 1996 opera
740 1933 809 1989 fiunt,
819 1948 868 1979 non
880 1946 960 1979 seren·

70 1998 117 2058 dis,
128 2016 179 2048 non
190 2000 353 2064 percipiendis,
365 2017 414 2049 non
427 2001 556 2049 condendis
567 1999 699 2048 fiuctibus:
717 2015 862 2062 quamquam
874 1999 900 2046 in
911 1997 959 2047 illis

70 2066 155 2117 minus
166 2068 212 2117 hoc
224 2068 327 2116 mirum:
345 2084 417 2116 nemo
434 2068 499 2116 enim
511 2077 547 2116 est
558 2076 606 2115 tam
622 2083 703 2124 senex,
714 2067 756 2129 qui
767 2082 793 2114 se
805 2081 896 2113 annum
908 2080 958 2114 non

68 2142 141 2199 putet
157 2150 227 2198 posse
239 2133 331 2182 vivere:
351 2135 391 2182 sed
408 2135 480 2183 iidem
497 2136 617 2182 elaborant
634 2133 661 2181 in
674 2134 716 2192 eis,
727 2149 781 2196 quae
800 2133 879 2181 sciunt
897 2133 958 2182 nihil

70 2201 173 2251 omnino
185 2202 215 2249 ad
224 2218 250 2249 se
259 2201 382 2264 pertinere.

234 2289 250 2311 “
258 2284 318 2329 Scrit
329 2287 428 2340 arbores,
438 2296 488 2340 quoe
500 2283 568 2327 alteri
579 2286 662 2327 saeculo
672 2283 786 2340 prosint,”

69 2367 98 2409 ut
110 2359 147 2408 ait
164 2359 256 2409 Statius
273 2369 354 2409 noster
370 2362 396 2410 in
414 2360 571 2424 Synephebis.
605 2361 659 2409 Nec
670 2377 725 2409 vero
742 2360 833 2409 dubitet
849 2359 959 2420 agricola,

69 2427 181 2489 quamvis
198 2443 279 2485 senex,
292 2427 412 2490 quaerenti,
424 2428 464 2476 cui
481 2435 549 2484 serat,
561 2428 715 2491 respondere:
734 2427 810 2476 “Diis
822 2427 958 2476 immortali-

69 2495 125 2551 bus,
141 2493 182 2555 qui
200 2510 239 2542 me
256 2509 305 2542 non
323 2495 428 2558 accipere
445 2495 517 2544 modo
533 2495 584 2543 hac
595 2512 610 2543 a
621 2494 749 2560 majoribus
766 2496 900 2553 voluerunt,
917 2494 957 2542 sed

70 2560 145 2608 etiam
157 2560 256 2624 posteris
267 2561 387 2624 prodere.''

105 2693 173 2743 VIII.
186 2694 275 2743 illelius
287 2695 399 2745 Caecilius
410 2696 439 2744 de
450 2711 507 2744 sene
520 2695 586 2744 alteri
602 2697 689 2744 seculo
706 2695 870 2759 prospiciente,
882 2709 956 2756 quam

69 2760 130 2810 illud
143 2761 221 2809 idem:

175 2847 189 2871 “
198 2843 305 2900 AEdepol‚
315 2848 430 2900 senectus,
440 2844 461 2888 si
471 2844 530 2888 nihil
541 2844 664 2901 quidquam
675 2843 738 2887 aliud
749 2843 803 2887 vitii

197 2903 311 2959 Apportes
322 2907 407 2958 tecum,
417 2916 469 2947 cum
481 2904 589 2956 adven1s3
604 2915 676 2946 unum
687 2902 710 2945 id
721 2907 757 2945 sat
767 2906 812 2956 est,

197 2960 270 3015 Quod,
279 2962 318 3006 diu
328 2962 437 3018 vivendo,
447 2965 529 3017 multa,
539 2975 589 3019 quae
600 2974 646 3005 non
657 2964 719 3016 vult,
728 2961 818 3005 videt.'’

70 3049 106 3099 Et
122 3051 198 3098 multa
215 3051 320 3111 fortasse,
332 3070 384 3116 qua
395 3054 461 3103 vult:
479 3062 549 3116 atque
567 3053 592 3101 in
610 3068 639 3100 ea
651 3052 754 3115 quidem,
766 3069 818 3114 qum
835 3069 885 3101 non
897 3053 955 3107 vult,

69 3132 132 3193 sape
143 3117 215 3167 etiam
233 3119 391 3191 adolescentia
407 3121 514 3169 incurrit.
547 3119 610 3169 Illud
621 3135 677 3167 vero
693 3119 756 3168 idem
774 3119 886 3168 cecilius
904 3119 955 3167 viti·

69 3198 150 3232 osius:

174 3270 190 3293 ‘⁴
198 3267 258 3311 Tum
268 3268 372 3324 equidem
385 3268 409 3312 ln
421 3272 514 3312 senecta
524 3269 567 3311 hoc
578 3267 661 3324 deputo
672 3267 834 3323 miserriruum,

198 3326 297 3381 Seniue,
307 3341 335 3372 ea
345 3333 413 3372 aetate
424 3341 475 3373 esse
486 3340 510 3371 se
520 3328 622 3371 odi0sum
633 3328 727 3371 alte1·i.'’

66 3399 208 3450 Iucundum
226 3402 313 3463 potius,
325 3419 398 3466 quam
415 3403 530 3452 odiosum.
568 3403 599 3452 Ut
609 3403 675 3452 enim
687 3403 873 3452 adolescentibus
890 3402 920 3449 bo

67 3465 148 3517 itrdole
166 3468 269 3532 praeitis
287 3471 405 3534 sapientes
425 3471 668 3597 scnes2plplectantur,
687 3471 806 3535 leviorque
824 3472 850 3520 fit
868 3414 972 3729 Ἴ
