2054 3946
336 500 407 547 ΜΒ.
423 499 443 544 1.
477 500 554 546 υΑΡ.
574 499 683 545 XXXI.
917 509 953 562 33

67 609 202 677 debeat,*
213 609 286 666 alius
301 609 330 666 in
344 608 444 666 eadem
459 629 544 666 causa
559 628 617 666 non
628 609 737 666 debeat.
781 609 860 667 Num
876 628 953 667 enim

68 690 125 747 alia
139 692 169 748 in
185 708 271 746 causa
286 690 328 746 M.
343 688 419 746 Cato
434 689 496 755 snit,
512 690 567 745 alia
587 690 683 755 ceteri,
698 691 746 761 qui
761 708 792 746 se
813 691 841 745 in
860 690 955 746 Alnra

70 768 183 827 Oaesari
199 767 392 825 tradideruntl
433 769 520 839 Atqui
532 768 634 824 ceteris
647 770 764 826 forsitan
776 770 845 825 vitio
859 768 954 826 datum

70 859 158 914 esset,
174 849 200 905 si
214 866 245 904 se
260 849 481 913 interemissent,
496 858 646 924 propterea
660 849 736 919 quod
750 849 841 905 lenior
856 867 955 905 eorum

70 930 128 985 vita
144 939 174 984 et
188 946 281 984 mores
295 926 405 984 fuerant
419 927 579 984 faciliores:
603 925 706 984 Catoni
727 947 791 984 cum
806 928 956 984 incredibi-

70 1007 129 1065 lem
144 1008 290 1064 tribuisset
303 1018 402 1064 natura
415 1008 591 1082 gravitatem,
607 1024 726 1078 eamque
742 1009 805 1083 ipsc
820 1018 956 1083 perpetua

71 1087 231 1145 constantia
250 1088 421 1153 roborasset,
437 1105 607 1160 semperque
621 1086 651 1142 in
669 1088 817 1162 proposito
841 1106 956 1162 suscep·

72 1177 159 1238 toque
175 1166 296 1222 consilio
320 1166 534 1242 permansisset,
549 1165 730 1223 moriundum
747 1168 852 1242 potius,
871 1186 955 1239 quam

73 1245 189 1322 tyranni
203 1245 312 1302 vultum
327 1245 522 1321 aspiciendum
539 1245 601 1301 suit.

112 1325 209 1390 Quam
230 1325 317 1382 multa
334 1343 436 1400 passus
457 1334 502 1380 est
522 1325 636 1381 Ulisses
659 1325 688 1380 in
710 1325 759 1381 illo
781 1344 875 1382 errorc
896 1323 956 1382 diu·

31 1402 40 1417 ’
76 1403 184 1469 turno‚†
197 1423 262 1461 cum
273 1415 301 1461 ct
313 1403 480 1460 mulieribus
492 1404 528 1481 (si
540 1403 625 1460 Circe
637 1413 666 1459 et
678 1403 809 1479 Calypso
821 1405 956 1461 mulieres

75 1483 251 1561 appellandae
267 1483 343 1560 sunt)
360 1485 517 1550 inserviret,
534 1494 562 1539 et
576 1484 605 1540 in
621 1485 698 1540 omni
720 1503 851 1541 sermone
867 1485 957 1541 omni·

74 1564 126 1621 bus
141 1563 285 1620 affabilem
300 1575 329 1619 et
337 1562 496 1639 jucundum
507 1582 537 1618 sc
554 1582 617 1619 esse
629 1565 732 1620 velleri
768 1563 855 1620 Domi
871 1564 956 1620 etiam

74 1642 262 1699 contumelias
288 1662 434 1699 servorum
465 1642 687 1714 ancillarumque
715 1644 840 1718 pertulit,
864 1653 895 1699 ut
922 1643 957 1699 ad

73 1721 102 1779 id
124 1721 287 1793 aliquande,
310 1721 387 1795 quod
408 1723 549 1797 cupiebat,
572 1723 691 1778 veniret.
733 1724 771 1778 At
792 1723 877 1797 Ajax,
900 1742 957 1793 quo

73 1803 172 1858 animo
187 1802 312 1869 traditur,
329 1801 438 1874 milicsss
452 1811 587 1877 oppetere
608 1812 728 1858 mortem
749 1803 856 1876 potins,
873 1821 956 1873 quam

73 1881 123 1938 illa
139 1881 249 1956 perpeti
264 1882 440 1954 maluisset.§

114 1961 187 2026 Quas
203 1961 426 2035 contemplantes
447 1959 609 2034 expendere
632 1961 782 2035 oportebit,
800 1960 866 2031 qnid
882 1961 959 2031 quis·

73 2058 131 2112 que
156 2039 257 2095 habeat
280 2040 344 2106 sui3
367 2059 457 2112 eaque
479 2039 629 2106 moderari,
652 2058 704 2096 nec
725 2040 797 2096 vclle
822 2041 957 2115 experiri,

73 2139 161 2191 quarn
183 2138 214 2174 se
238 2120 329 2176 aliena
350 2119 477 2176 deceant.
520 2118 552 2175 ld
575 2120 651 2175 enim
675 2121 799 2175 maxime
816 2139 957 2191 quemque

73 2198 168 2265 decet,
179 2197 255 2270 quod
267 2210 310 2254 est
321 2199 458 2274 cujusque
473 2201 596 2255 maxime
609 2218 703 2254 suum.
734 2200 823 2255 Suum
837 2200 958 2271 quisque

74 2279 163 2353 igitur
185 2288 284 2334 noscat
304 2279 462 2354 ingenium,
483 2297 633 2349 acremque
651 2297 682 2334 se
708 2292 736 2335 ct
760 2280 909 2343 bonorum,
932 2290 960 2335 et

74 2359 210 2414 vitiorum
236 2377 353 2415 suorum
377 2358 504 2435 judicem
530 2360 662 2433 praebcat,
686 2377 722 2415 ne
750 2361 856 2416 scenici
883 2360 957 2434 pluS,

76 2456 162 2509 quarn
178 2456 241 2504 nos,
257 2437 404 2494 videantur
418 2439 521 2494 habere
537 2437 702 2512 prudentia.
745 2439 791 2494 llli
809 2441 886 2495 enim
901 2458 959 2495 non

76 2517 211 2593 optimas,
226 2517 279 2574 sed
299 2518 354 2574 sibi
375 2517 685 2574 accommodatissimas
709 2518 816 2574 fabulas
840 2519 958 2594 eligunt.

110 2693 123 2719 *
136 2687 208 2734 Alius
220 2688 306 2733 debeat.
341 2691 378 2734 On
397 2688 495 2732 another
513 2689 628 2741 occasion,
645 2689 725 2732 Cicero
744 2689 786 2732 iras
805 2689 910 2733 declarcd
928 2702 958 2732 an

76 2743 176 2798 opinion
187 2743 309 2796 expressly
317 2743 433 2797 opposite.
467 2741 537 2786 “Piis
547 2743 657 2786 omnibus
668 2743 805 2786 retincndus
818 2749 853 2786 cst
864 2744 960 2786 animus

75 2795 101 2840 in
118 2794 226 2838 custodia
243 2796 360 2856 corporis;
377 2808 423 2839 nec
439 2793 532 2850 injussu
550 2794 602 2872 ejus
614 2808 627 2839 a
639 2808 687 2850 quo
704 2796 743 2839 ille
759 2801 795 2839 cst
807 2797 871 2839 vobis
884 2797 961 2847 datus,

75 2861 106 2893 ex
123 2848 248 2891 hominum
266 2853 314 2892 vita
338 2849 488 2901 migrandum
506 2849 557 2892 cst?
602 2849 631 2892 ln
655 2851 734 2892 Somu.
753 2850 816 2904 Scip.
850 2851 887 2893 lle
905 2849 960 2892 here

74 2905 147 2946 states
159 2902 225 2944 what
236 2914 285 2945 was
296 2907 486 2946 consentaneous
497 2905 521 2945 to
534 2901 597 2946 Stoic
610 2901 746 2957 principles.

107 2954 124 3012 †
135 2955 226 3000 Errare
237 2954 359 3001 dicturam.

211 3026 355 3079 Exemplum
367 3029 403 3070 cst
414 3024 487 3069 animi
499 3025 601 3069 nimium
614 3025 727 3081 patientis
738 3025 837 3078 Ulisses,

209 3080 317 3124 Jactatus
329 3078 400 3123 dubio
413 3091 456 3134 per
468 3080 515 3123 duo
526 3079 601 3123 lustra
612 3080 679 3141 mari.
771 3131 776 3140 ἱ
824 3133 832 3149 ¹

108 3185 227 3232 *Mum
261 3186 305 3228 see
317 3188 372 3229 note
383 3196 412 3229 11.
423 3187 460 3229 21.
613 3133 679 3177 ond.
690 3133 757 3176 Pont,
770 3145 800 3175 1v.
814 3133 859 3186 up.
871 3131 892 3175 2.
904 3131 926 3176 9.

108 3238 123 3292 ἐ
137 3237 392 3301 l’olt'us-rncltvisset.
425 3238 484 3282 This
497 3238 560 3293 verb,
572 3237 619 3301 and
632 3237 724 3288 adverb,
736 3250 776 3281 are
786 3236 868 3299 joined
880 3237 912 3292 by
923 3239 960 3282 Ci-

74 3304 128 3336 cero
140 3305 165 3335 m
180 3292 246 3335 other
257 3295 385 3335 instances.
419 3293 433 3316 “
443 3294 472 3335 Se
485 3291 513 3335 ab
525 3291 636 3335 omuibus
649 3291 759 3344 desertos,
771 3295 849 3346 potius
861 3303 932 3345 quam
945 3305 960 3337 a

74 3351 97 3389 te
109 3345 220 3389 defensos
232 3357 283 3388 esse
294 3345 413 3390 malunt.”
448 3345 523 3389 Caecil.
536 3345 557 3388 6.
582 3345 693 3406 “idcirco
702 3356 783 3387 casum
795 3344 959 3405 potiusquam

74 3402 96 3443 ts
114 3398 207 3442 laudari
225 3399 327 3442 mavis.”
351 3399 480 3453 noxas.
514 3397 597 3442 Potius
613 3411 634 3441 rs
651 3396 700 3440 also
715 3397 790 3458 found
803 3398 886 3451 Joined
904 3404 959 3444 toa

74 3452 243 3550 ttulit·
263 3449 695 3551 iiilillillillllli‘dpmlffl
729 3451 776 3494 m.
790 3453 825 3504 Μ’
838 3453 958 3504 ”lim
