2054 3946
371 414 446 498 arn.
462 453 482 497 1.
509 451 599 497 -caa
619 451 636 496 1.
918 457 952 511 lt

70 561 248 637 penitebit*
292 560 349 617 Sed
371 571 467 618 tamen
487 572 584 618 nostra
603 561 712 636 legens,
729 578 786 617 non
802 559 952 616 multumu

69 641 269 716 Peripateticis
283 640 459 708 dissidentia,
476 641 611 713 quoniam
632 642 744 712 utrique
765 652 794 695 et
814 639 952 696 Socratici

68 729 98 775 et
112 720 255 777 Platonici
269 738 333 775 esse
348 720 514 787 volumus;†
536 719 583 798 (de
604 721 688 776 rebus
709 720 780 794 ipsis
802 731 880 774 utere
903 729 952 775 tuo

73 799 196 874 judicio,
211 799 283 856 nihil
298 800 374 856 enim
385 798 523 876 impedio)
539 799 696 856 orationem
711 809 805 854 autem
821 798 952 855 Latinam

69 878 197 954 profecto
211 879 340 954 legendis
356 880 459 935 nostris
471 879 579 935 efficies
594 879 762 953 pleniorem.
806 877 869 934 Nec
884 896 951 934 vero

68 972 232 1034 arroganter
254 959 308 1014 hoc
328 959 435 1015 dictum
456 958 613 1014 existimari
629 958 725 1014 velim.
768 956 844 1013 Nam
860 956 951 1032 philo-

69 1037 212 1113 sophandi
227 1038 375 1094 scientiam
390 1037 549 1094 concedens
565 1037 672 1103 multis,
687 1034 763 1108 quod
774 1047 820 1091 est
832 1035 951 1092 oratoris

69 1117 229 1192 proprium,
251 1127 326 1192 apte,
349 1115 491 1183 distincte,
507 1120 621 1189 ornatcss
642 1116 747 1181 dicere,
764 1115 899 1185 quoniam
921 1115 952 1173 in

69 1213 105 1250 eo
118 1194 213 1252 studio
234 1206 344 1252 aetatem
365 1196 521 1261 consumsi,
537 1195 562 1252 si
578 1195 606 1273 id
620 1195 692 1252 mihi
713 1213 838 1260 assumo,
854 1193 951 1251 videor

69 1273 99 1330 id
114 1293 179 1331 meo
197 1275 262 1350 jure
277 1274 400 1346 quodam
417 1274 501 1331 modo
515 1274 668 1331 vindicare.

110 1353 204 1418 Quam
219 1354 328 1410 obrem
348 1372 451 1429 magno
472 1372 558 1428 opere
574 1365 599 1410 te
614 1354 721 1417 hortor,
738 1353 776 1408 mi
791 1352 905 1418 Cicero,
922 1361 952 1409 ut

68 1451 128 1490 non
141 1435 232 1490 solum
246 1433 388 1489 orationes
399 1451 487 1499 meas,
498 1432 547 1489 sed
560 1433 612 1489 hos
622 1434 707 1490 etiarn
719 1431 754 1488 dc
767 1431 952 1508 philosophia

68 1511 169 1579 libros,
184 1513 234 1584 qui
245 1513 304 1587 jam
320 1513 377 1569 illis
392 1512 451 1568 fere
466 1523 620 1584 aequarunt,
636 1512 764 1568 studiose
778 1512 867 1586 legas.
897 1511 951 1567 Vis

69 1592 147 1648 enirn
162 1591 275 1648 dicendi
290 1592 380 1668 major
401 1589 478 1670 [est]
500 1591 611 1658 inillis,
626 1591 678 1648 scd
697 1591 754 1647 hoc
775 1609 889 1662 quoque
904 1609 950 1647 co-

69 1669 187 1727 lendum
208 1683 253 1727 est
271 1671 410 1742 aequabile
432 1681 666 1745 attemperatum
687 1669 823 1726 orationis
849 1689 950 1744 genus.

70 1749 111 1806 Et
124 1749 153 1805 id
163 1749 279 1822 quidem
291 1750 400 1806 nemini
412 1749 495 1806 video
507 1749 672 1806 Graecorum
684 1748 950 1823 adhuccontigisse,

70 1838 102 1884 ut
115 1828 191 1885 idem
207 1841 326 1901 utroque
342 1830 489 1904 ingenere
505 1828 670 1892 elaboraret,
686 1839 908 1899 sequereturque
924 1839 952 1884 et

71 1907 141 1964 illud
157 1907 269 1964 forense
284 1907 407 1972 dicendi,
418 1917 446 1963 et
457 1908 512 1964 hoc
525 1907 652 1978 quietum
666 1905 829 1982 disputandi
841 1926 950 1981 genus:

70 1986 128 2043 nisi
142 1986 216 2044 forte
232 1987 412 2060 Demetrius§
427 1986 584 2043 Phalereus
599 1986 628 2043 in
644 1986 698 2042 hoc
720 2004 839 2043 numero
855 1986 951 2042 haberi

70 2075 175 2141 potest,
200 2066 357 2141 disputator
381 2066 504 2132 subtilis,
530 2075 624 2123 orator
652 2084 751 2140 parum
777 2066 951 2132 vehemens;

70 2144 162 2202 duleis
177 2154 271 2202 tamen
282 2156 316 2202 ut
329 2145 536 2220 'Pheophrastill
552 2145 725 2220 discipulum
741 2146 836 2220 possis
850 2163 952 2221 agnos·

70 2242 146 2280 cere.
189 2225 252 2280 Nos
274 2235 367 2280 autem
388 2235 523 2296 quantum
546 2225 576 2281 in
596 2235 714 2296 utroque
736 2225 951 2300 profecerimus,

71 2303 193 2361 aliorum
207 2303 244 2359 sit
259 2303 400 2379 judicium
415 2323 422 2360 :
445 2314 596 2376 utrumque
611 2314 686 2360 certe
701 2305 793 2361 secuti
807 2323 918 2360 sumus.

105 2446 119 2474 t
132 2442 422 2506 (picentum-poenitebit.
445 2445 479 2488 As
491 2443 551 2497 long
561 2455 588 2487 or
600 2455 647 2498 you
660 2453 699 2487 ure
710 2443 813 2500 sattfieu
825 2443 884 2488 with
895 2454 953 2499 tour

70 2508 128 2645 emp
136 2509 171 2593 iii
179 2498 419 2603 aiiiitefnmdiatippus
431 2561 479 2592 was
491 2549 518 2592 of
526 2549 564 2592 the
573 2549 712 2603 Peripatetio
724 2553 786 2601 seet3
804 2549 884 2592 Cicero
895 2547 954 2592 him·

70 2603 103 2646 sel
133 2603 161 2645 of
174 2603 213 2646 thc
225 2603 359 2646 Academic.
394 2603 521 2663 Agreeins,
532 2615 559 2645 as
577 2601 631 2644 both
650 2602 697 2653 did,
710 2604 733 2646 in
754 2603 849 2655 bearing
862 2607 953 2656 respect

72 2660 96 2698 to
109 2657 215 2698 Socrates
232 2656 279 2717 and
292 2659 315 2699 to
328 2655 400 2708 Plato,
412 2656 450 2698 the
467 2654 593 2698 difference
611 2654 717 2699 between
736 2655 799 2700 them
817 2659 912 2708 cannot,
924 2655 953 2698 he

71 2707 373 2824 wylff’Oiiewdidisidleriaihliee
384 2760 469 2811 words,
481 2760 520 2803 the
532 2760 654 2814 requisites
666 2761 703 2823 for
713 2761 752 2804 the
764 2761 810 2823 due
821 2760 954 2805 commuui-

70 2819 150 2857 catron
164 2815 191 2856 of
199 2827 242 2875 our
251 2815 316 2857 nleas
328 2826 367 2856 arc
380 2814 531 2856 enumerated
541 2813 588 2856 und
602 2815 684 2869 placed
698 2826 722 2858 rn
735 2814 794 2858 therr
805 2814 879 2858 order.
903 2813 954 2856 The

72 2868 190 2922 language
202 2880 226 2910 rn
237 2867 315 2911 which
327 2866 381 2922 they
392 2879 432 2910 are
443 2868 570 2921 expresscd
579 2868 664 2912 should
676 2867 704 2912 be
715 2868 872 2924 appropriate,
885 2868 944 2912 clear

70 2921 274 3034 mimmius.
309 2974 372 3017 Born
390 2974 415 3015 at
432 2972 555 3034 Phaleron,
569 2984 615 3017 one
633 2975 660 3016 of
673 2973 711 3016 the
729 2976 794 3028 ports
806 2973 843 3035 'of’
854 2972 947 3018 Athens

72 3025 214 3087 Durine-the
223 3038 289 3079 reign
299 3027 326 3086 of
335 3025 467 3086 Cassander
479 3026 639 3087 rnlMacedon,
649 3028 695 3069 and
704 3027 780 3087 under
789 3026 825 3069 lns
836 3027 955 3070 influcnce

72 3081 204 3140 Demetrius
216 3092 265 3142 was
277 3079 341 3140 chief
354 3082 488 3131 magistrate
507 3091 533 3122 in
553 3079 660 3134 Athens3
678 3078 748 3134 being
761 3080 898 3123 afterwards
915 3078 955 3123 ba·

71 3133 307 3240 msindltddrerfiidddtiil
321 3133 446 3245 Eligyriiiiive
463 3185 491 3228 of
510 3184 598 3230 Lesbos
615 3184 774 3248 andfldisciple
792 3186 820 3229 of
834 3186 954 3234 Aristode,

71 3237 955 3355 heht}themisten}ttttttttt'ttttttttttt,tlttl·tlh:

71 3344 223 3404 enumeraletl
243 3345 273 3399 by
287 3347 353 3398 mog.
372 3344 447 3387 Laert
460 3346 488 3387 V.
506 3346 543 3386 42.
556 3342 591 3386 his
608 3344 677 3392 ἠθικοι
694 3350 835 3405 χαρακτῆρες,
853 3345 900 3388 and
919 3345 955 3387 his

72 3401 165 3458 treatrse
174 3399 220 3447 περὶ
231 3396 370 3448 perornare
383 3397 452 3439 alone
465 3396 524 3439 been
543 3395 667 3458 preserved
685 3401 767 3440 entire.
802 3398 883 3442 Cicero
900 3410 955 3454 says

72 3450 100 3492 ot
115 3449 172 3502 lum,
184 3449 248 3491 Brut.
261 3449 296 3492 31.
330 3450 404 3495 Nemo
418 3449 573 3505 Theophrasto
585 3449 660 3493 ttrclcu
666 3461 687 3493 r.
