2054 3946
322 771 358 825 M.
375 770 492 821 TULLII
511 771 698 824 CICERONIS

223 943 330 1036 DE
385 948 797 1040 OFFIOIIS

494 1158 530 1200 AD

304 1319 509 1382 MARCUM
539 1321 714 1384 FILIUM.

429 1552 594 1566 ————-

315 1725 439 1783 LIBER
461 1725 695 1785 SECUNDUS.

395 1873 612 1912 anonumum.

61 1980 114 2031 [ion
127 1977 208 2031 Libro,
220 1979 249 2023 da
261 1979 316 2024 rtlt'li
332 1979 416 2040 agitur,
427 1992 479 2034 qua
497 1983 546 2024 erat
560 1980 632 2024 altera
648 1991 704 2034 pars
722 1976 793 2023 totius
812 1979 841 2024 de
858 1979 946 2025 Officiis

93 2030 262 2128 disputationis
280 2036 414 2077 constituta
448 2034 510 2078 Utile
529 2037 608 2077 autem
626 2038 663 2076 est
680 2032 717 2076 vel
737 2034 868 2087 opinatum,
880 2034 944 2088 quod

43 2107 47 2111 ·
92 2097 124 2130 ao
147 2090 230 2130 onesto
238 2085 361 2140 discrepat,
369 2087 405 2130 vel
412 2099 499 2148 retum,
505 2086 568 2141 quod
577 2099 632 2130 cum
641 2087 738 2130 honesto
745 2091 780 2129 est
789 2087 944 2142 conjunctum

92 2143 117 2184 et
127 2143 214 2184 natura
225 2141 359 2191 confusum,
370 2144 393 2184 et
403 2144 479 2185 totum
491 2153 515 2183 m
527 2141 613 2184 virtute
628 2153 642 2183 a
659 2140 771 2183 Cicerone
788 2141 944 2186 constituitur.

93 2191 140 2254 Sed
157 2192 274 2247 quoniam
292 2204 439 2255 quaecunque
458 2193 577 2237 advitam
598 2193 723 2237 hominum
742 2193 854 2238 tuendam
874 2198 897 2237 et
914 2195 943 2238 ad

92 2245 218 2291 uhlitatem
230 2249 333 2290 nostram
346 2251 472 2302 pertinent,
484 2251 525 2290 aut
537 2251 593 2290 sunt
610 2246 733 2290 hominum
746 2257 816 2300 opere
830 2248 943 2302 perfecta,

92 2301 135 2343 aut
151 2299 205 2342 sine
217 2310 298 2343 eorum
310 2300 398 2343 auxilio
408 2300 538 2354 comparari
550 2311 599 2343 non
611 2304 719 2353 possunt,
731 2298 885 2356 hominesque
904 2301 943 2344 ho·

91 2351 198 2397 minibus
214 2352 346 2414 plurimum
357 2352 474 2414 obesseet
484 2353 596 2407 prodesse
608 2357 716 2408 possunt,
728 2352 813 2396 relictis
826 2353 943 2406 omnibus,

91 2405 162 2450 docet
171 2405 332 2450 concurandos
343 2417 395 2449 esse
406 2417 499 2449 ammos
511 2406 643 2457 hominurn,
655 2411 679 2449 et
689 2406 718 2449 ad
730 2417 789 2449 usus
800 2413 892 2450 nostros
904 2407 943 2451 ad-

87 2457 239 2517 iungendos:
256 2458 321 2513 quod
331 2459 450 2514 quomodo
463 2459 512 2502 fleri
524 2459 598 2514 possit
610 2470 659 2502 non
672 2458 697 2502 in
710 2458 810 2514 singuiis
822 2461 891 2503 modo
903 2460 943 2504 ho·

91 2511 206 2565 minibus,
212 2512 253 2555 sed
263 2511 335 2556 etiam
352 2513 377 2556 in
395 2511 547 2556 multitudine
561 2516 584 2556 et
597 2513 687 2567 populo
704 2512 820 2564 universo,
833 2514 886 2557 tuse
904 2513 944 2556 de·

92 2568 250 2617 monstratum
264 2565 305 2608 sed
316 2566 349 2608 ita
360 2569 387 2610 ut
397 2566 475 2609 omnis
485 2578 551 2610 amor
563 2570 632 2619 atque
645 2565 809 2609 benevolentia
818 2566 942 2610 hominum

91 2631 106 2662 a
117 2619 203 2662 virtute
215 2622 239 2661 et
250 2618 372 2662 honestate
388 2625 525 2671 arcessatur,
539 2623 659 2673 tamquam
678 2631 692 2663 a
709 2618 806 2673 justitia,
818 2619 942 2673 sapientia,

90 2671 234 2722 liberalitate,
249 2671 303 2724 fide,
316 2672 469 2724 humanitate,
489 2672 652 2727 hospitalitate.
687 2672 725 2715 Ad
743 2673 869 2716 utilitatem
887 2685 942 2715 vcro

89 2724 205 2780 quoniam
218 2725 321 2778 pertinet
335 2725 407 2769 etiam
424 2725 540 2776 valetudo,
552 2726 707 2780 pecuniaque
719 2723 813 2777 ablatio,
823 2725 942 2779 quomodo

90 2777 202 2822 valetudo
214 2782 363 2828 sustentetur,
375 2781 399 2822 et
427 2778 512 2822 ecunia
529 2778 626 2822 honeste
636 2781 759 2832 queratur,
771 2779 878 2821 ostemlit.
912 2779 942 2821 ln

89 2829 268 2885 comparatione
280 2836 359 2876 autem
372 2791 507 2884 utilitatum,
514 2843 588 2886 quum
596 2831 633 2874 vel
644 2836 742 2875 externa
752 2831 876 2875 commoda
887 2842 941 2873 eum

89 2884 221 2928 commodis
228 2885 339 2940 eorporis,
350 2885 387 2928 vel
395 2886 498 2940 corporis
507 2884 630 2929 commoda
638 2896 691 2928 eum
704 2884 815 2934 externis,
827 2887 869 2926 aut
879 2895 942 2926 eom·

89 2937 163 2981 moda
172 2938 275 2992 corporis
287 2938 348 2982 inter
359 2950 391 2990 se,
404 2945 444 2981 aut
457 2943 554 2982 externa
571 2949 626 2981 cum
646 2937 749 2981 externis
766 2941 941 2996 comparentur,

88 3001 140 3033 non
152 2990 251 3034 dubium
263 3003 314 3034 esse
326 2991 463 3046 pronuntiat
474 2990 533 3045 quin
548 2989 623 3045 major
638 2990 727 3034 utilitas
742 2990 826 3032 minori
837 2993 867 3032 sit
877 2995 941 3033 aute·

88 3043 212 3098 ponenda,
224 3044 269 3088 hac
280 3048 360 3088 tamen
372 3045 424 3099 lege
436 3056 467 3088 ne
480 3044 509 3087 ab
522 3044 621 3088 honesto
633 3043 776 3087 deflectatur.

58 3161 148 3220 uAP.
171 3161 194 3218 1.
221 3161 448 3240 Philosophiam
469 3163 591 3220 unicum
612 3179 672 3219 ease
696 3160 845 3218 Ciceronie
867 3159 942 3218 aula»

451 3242 539 3299 tium.

95 3339 331 3405 Quauanuonuu
345 3338 439 3397 officia
449 3338 617 3396 ducerentur
629 3339 662 3394 ab
672 3337 829 3403 honestate,
842 3337 939 3394 Marce

56 3418 106 3486 fili,
126 3427 210 3492 atque
236 3420 270 3475 ab
290 3419 369 3477 omni
396 3437 498 3558 genere
527 3419 646 3486 i'irtutis,
670 3416 737 3474 satis
765 3416 939 3552 eXqugamm

497 3503 515 3558 0
