2054 3946
103 175 158 229 122
432 164 479 209 oa
496 164 677 211 osricus.

101 273 293 331 Alexandrum
309 274 471 339 Pheraeum,
487 293 543 346 quo
561 274 656 331 animo
672 273 782 329 vixisse
798 274 970 333 arbitramurt

102 355 160 424 qui,
176 364 206 409 ut
227 354 363 427 seriptum
384 355 516 429 logimuS,
531 372 596 410 eum
612 372 731 410 uxorem
752 352 878 411 'I'heben
891 354 972 411 adron·

101 432 168 488 dum
184 432 329 507 deligeret,
346 444 439 489 tamen
461 432 496 489 ad
518 452 579 489 eam
596 451 633 489 ex
653 432 748 507 epulis
771 432 803 489 in
824 432 970 491 eubieulunt

101 512 229 578 veniens,
251 514 410 577 barbarum,
432 522 461 568 et
481 531 546 569 eum
568 512 694 583 quidem,
718 522 750 567 ut
771 513 912 587 seriptum
929 524 972 579 est,

101 602 303 665 compunctum
324 591 399 648 notis
420 592 584 659 Thraciis*
598 591 733 647 destricto
754 590 854 665 gladio
871 590 974 667 jubebtl

102 671 207 726 anteire
221 691 228 737 ;
250 671 493 746 praemittebatque
508 670 543 727 de
558 670 741 746 stipatoribus
756 672 831 737 suis,
848 670 898 743 qui
910 688 973 729 eem-
1002 702 1005 709 ·

102 761 225 806 tarentur
246 750 353 806 arculas
374 751 538 815 muliebres,
554 762 590 814 et,
607 768 642 807 ne
663 748 740 821 quod
763 750 795 807 in
810 750 974 809 vestimentis

102 830 287 885 occultaretur
302 829 398 895 telum,
415 830 606 901 exquirerent.
649 829 675 885 Ο
689 829 843 896 miserum,
857 828 907 901 qui
918 828 973 887 fide·

101 909 202 964 liorem
217 919 245 964 et
259 910 407 965 barbarum
421 920 450 965 et
463 910 633 983 stigmatiam
650 918 772 982 putaret,
788 926 878 980 quarn
891 908 975 985 eonju-
1006 930 1009 935 ·

103 991 185 1062 gem!
228 989 256 1044 N
259 1007 291 1043 ee
306 1006 370 1044 eum
387 989 509 1050 fefellitl
550 988 593 1045 Ab
608 1006 642 1044 ea
656 997 700 1043 est
719 987 799 1045 enim
814 989 891 1065 ipsa,
904 1004 976 1065 prop·

103 1076 144 1123 ter
157 1068 303 1139 pellicatus
319 1067 522 1141 suspicionem,
539 1069 730 1140 intersectusss

144 1146 208 1201 Nee
225 1166 289 1202 vero
310 1146 368 1202 ulla
383 1146 424 1200 vis
446 1146 559 1221 imperii
581 1156 657 1202 tanta
677 1157 730 1214 est,
746 1166 824 1219 quar,
842 1156 977 1225 premente

103 1234 190 1290 metu,
206 1226 298 1301 possit
311 1244 373 1281 esse
389 1224 529 1281 diuturna.
571 1226 669 1282 Testis
684 1238 728 1282 est
745 1226 891 1293 Phalaris,
905 1226 977 1305 eujus

103 1314 147 1359 est
173 1316 274 1378 prater
299 1314 407 1360 eeteros
430 1306 576 1361 nobilitata
600 1304 771 1362 erudelitas:
799 1308 851 1377 qui
873 1324 929 1363 non
947 1322 978 1363 ex

103 1384 214 1440 insidiis
242 1384 357 1450 interiit,
378 1395 410 1440 ut
430 1385 464 1450 is,
488 1404 573 1456 quern
602 1383 686 1441 modo
707 1384 780 1451 dixi,
803 1384 978 1451 Alexandeu

103 1482 160 1519 non
182 1484 197 1519 a
218 1464 326 1538 paucis,
349 1479 380 1519 ut
399 1463 446 1519 lrie
471 1474 586 1520 noster:
615 1463 664 1519 sed
685 1465 717 1521 in
737 1484 825 1535 quem
856 1464 979 1523 unirent

104 1544 352 1618 Agrigentinorum
380 1543 529 1599 multitudo
558 1544 696 1617 impetum
724 1542 833 1619 feeit.§.
886 1542 979 1611 Quid!

104 1622 278 1679 Macedones
288 1641 382 1679 nonne
395 1622 588 1691 Demetriumll
603 1623 787 1692 reliquerunt,
800 1624 980 1697 universique

103 1719 133 1756 se
150 1701 183 1758 ad
199 1703 342 1777 Pyrrhum
358 1703 557 1759 contulerunt?
598 1700 696 1767 Quint
737 1702 979 1765 Lacedaemonios.
1019 1732 1021 1741 ·

104 1780 207 1856 injuste
236 1782 417 1856 imperantes
441 1802 534 1839 nonne
561 1792 678 1857 repente
706 1800 807 1838 omnes
831 1784 891 1839 fere
915 1782 980 1841 soeii

104 1858 321 1928 deserueruntd]
352 1871 583 1934 spectatoresque
611 1880 643 1917 se
672 1861 781 1918 otiosos
804 1862 980 1937 praebuerunt

105 1937 260 1996 Leuctricae
276 1940 463 1996 calamitatis?

105 2047 189 2110 heard3
206 2048 307 2101 capillus
325 2048 403 2103 being,
421 2050 446 2092 in
465 2048 501 2091 his
519 2049 625 2103 opinion,
638 2060 652 2091 a
663 2047 761 2103 general
779 2052 850 2103 term,
862 2048 981 2105 induntur

104 2101 435 2199 hairiidirrliiiiid⁶“Thraees
458 2153 555 2207 barbari,
579 2154 643 2209 apud
664 2166 725 2209 quos
749 2154 815 2198 frons
838 2154 981 2210 stigmatum

104 2212 248 2260 eompuneta
260 2207 388 2252 nobilitatis
400 2212 449 2252 erat
467 2209 577 2261 insirne;
595 2208 659 2262 apud
672 2208 736 2253 ulios.
749 2208 810 2251 servi
824 2208 918 2263 fugacis
928 2208 981 2255 inde

104 2260 194 2304 cium.”
229 2263 318 2322 Erasm.
353 2263 404 2304 The
414 2267 494 2316 tyrant
506 2261 587 2323 placed
601 2274 665 2304 ruore
676 2260 815 2305 conlidenee
827 2263 852 2306 in
864 2264 931 2307 these
940 2262 981 2309 fol·

104 2315 168 2359 looed
176 2314 316 2359 barbarinos.
325 2314 381 2358 than
390 2314 420 2358 lte
427 2317 496 2358 eotrlrl
507 2327 530 2358 m
540 2328 555 2357 a
565 2314 711 2367 hudemamel
718 2316 849 2368 eonrposed
858 2316 888 2359 of
893 2316 981 2361 Greeh.

137 2366 333 2424 †Eumfrfrtltl.
367 2368 438 2412 Wlmt
450 2368 469 2411 is
480 2369 534 2411 here
548 2368 586 2411 the
599 2365 698 2421 ellipsel
736 2369 807 2411 Some
817 2369 906 2413 editors
916 2370 981 2415 insert

103 2421 189 2475 opinio,
207 2421 248 2464 hut
260 2421 359 2464 without
376 2419 495 2464 sullieiont
511 2425 614 2464 ivarrunt
632 2422 659 2463 uf
671 2421 740 2465 MSS.
776 2422 806 2464 ln
824 2423 921 2477 Toup'e
936 2422 981 2479 opi·

103 2477 169 2519 niun,
181 2475 298 2526 uutrnrtn,·
316 2475 339 2517 in
353 2475 391 2516 the.
403 2475 565 2528 lleusineers’,
580 2473 658 2518 Thebe.
671 2487 697 2517 or
708 2476 814 2530 conjux.
826 2475 847 2518 is
862 2476 903 2520 the
912 2474 981 2521 nomi·

103 2530 182 2571 native
195 2526 269 2570 which
282 2528 366 2570 should
379 2527 406 2570 be
419 2528 536 2582 supplied.
570 2527 669 2580 Quintil.
681 2528 711 2572 iv.
723 2530 735 2551 ‘¹
744 2532 780 2573 Ne
789 2528 902 2573 fefellisse
913 2530 938 2575 in
949 2528 981 2573 ΠΙ

103 2583 182 2658 videar
198 2582 357 2676 prirrlciprp3rn.’'
391 2583 436 2636 Ep.
448 2581 477 2624 ad
489 2582 540 2625 Div.
550 2580 608 2624 init.
618 2582 639 2633 6,
657 2583 806 2636 “Quantum
824 2595 871 2626 nos
882 2580 980 2629 fefellerit

105 2637 155 2739 (epe
157 2635 304 2743 fiiliri‘iseirir
339 2686 404 2730 With
417 2685 454 2730 the
468 2687 504 2730 aid
518 2689 545 2730 of
554 2687 594 2730 her
605 2687 718 2731 brothers.
752 2688 813 2732 elue
826 2688 909 2743 Pelop.
919 2686 981 2735 Diod.

104 2743 148 2785 Sic.
161 2742 207 2785 xiv.
242 2742 286 2784 She
300 2753 348 2783 was
357 2741 396 2783 the
410 2741 522 2795 daughter
531 2742 559 2784 of
567 2743 582 2786 J
584 2754 651 2796 ason,
661 2740 749 2785 named
760 2742 784 2785 in
797 2743 838 2787 the
850 2743 908 2787 aoth
916 2742 981 2797 chop

103 2800 137 2839 ter
147 2796 221 2837 ot'the
251 2794 359 2843 reeerttnfr
373 2794 440 2837 boolr.

140 2808 286 2902 §lrnpeiitm
298 2846 362 2902 serii
396 2847 506 2901 Phalaris,
523 2850 603 2899 tyrant
614 2848 642 2890 of
655 2847 821 2901 Agrigentum.
835 2861 887 2893 ivae
903 2846 981 2894 stonetl

103 2904 127 2962 to
139 2901 244 2963 death-in
258 2914 271 2943 a
282 2900 373 2961 srtdrlen
385 2901 479 2945 tumult.
513 2900 572 2944 This
583 2899 709 2956 happened
717 2898 791 2945 about
803 2901 843 2947 the
854 2902 901 2948 esd
908 2902 982 2959 Olym·

103 2954 498 3067 plidlteiuiiriitiitxniioiioieetes
521 3019 565 3050 son
590 3007 622 3068 0f.
637 3007 782 3068 Antigonus.
801 3010 827 3053 to
843 3008 924 3053 whom
945 3006 981 3053 dte

103 3060 194 3103 Astatia
205 3060 328 3111 provinces
340 3071 400 3103 were
412 3060 527 3114 assigned.
561 3061 742 3105 summarie.
767 3060 867 3107 Plutia
879 3061 983 3108 thelim

104 3112 131 3155 of
140 3110 250 3164 Pyrrhus,
261 3113 308 3155 and
320 3113 459 3157 Demetrius.

138 3162 154 3217 'J
168 3163 228 3209 Socii
239 3166 401 3213 deseruerunt.
434 3167 504 3211 Com.
514 3166 577 3221 Nep.
587 3165 713 3222 spemn.
