2054 3946
417 503 495 549 cal).
513 504 593 549 xvl.
886 511 944 565 253

59 612 174 671 afficiunt,
185 620 213 661 ut
229 611 337 675 quemvis
354 628 409 661 cum
427 611 581 661 admiratione
598 612 731 661 delectentl
767 611 830 661 Vitis
842 613 946 674 quidem,

58 696 111 744 quas
122 687 208 729 natura
223 680 312 728 caduca
328 690 371 734 est,
383 689 413 737 et,
425 680 473 728 nist
466 680 543 729 fulta
559 680 596 737 sit,
608 681 637 728 ad
649 689 734 728 terram
750 679 837 738 sertum
855 681 945 738 eadem,

59 754 87 797 ut
104 764 131 796 se
148 747 230 808 erigat,
234 736 369 796 claviculis
388 747 446 806 suis,
462 747 530 809 quasi
549 747 667 805 manibus,
682 747 797 809 quidquid
814 757 851 796 eat
869 756 945 797 nacta.

58 814 240 878 complectitur:
258 830 338 876 quam,
349 823 483 877 serpentem
500 813 626 877 multiplici
643 783 712 877 lripsu
729 821 753 861 et
769 816 873 872 erratico,
885 815 945 863 serre

58 890 188 945 amputans
206 889 299 930 coercet
316 898 355 930 urs
374 881 537 942 agricolarum,
554 896 586 930 ne
602 880 711 929 silvescat
731 882 862 937 sarmentis,
879 881 944 930 etin

58 964 143 997 omnes
162 958 240 1012 partes
255 948 330 996 nimia
351 948 472 998 fundatur.
505 948 595 1011 Itaque,
608 948 705 996 ineunte
726 964 787 1005 vere,
804 948 829 995 in
848 949 876 995 iis
893 965 945 1010 que

58 1016 140 1065 relicta
151 1024 216 1073 aunt,
227 1015 327 1074 exsistit,
345 1023 466 1079 tamquam
482 1016 513 1064 ad
527 1015 639 1064 articulos
656 1024 835 1072 sarmentorum,
847 1032 882 1072 ea,
894 1032 945 1078 que

58 1098 155 1144 mnu
166 1082 264 1140 dicitur3
282 1099 296 1132 a
308 1083 441 1145 quaoriens
449 1099 496 1132 uva
505 1082 683 1138 sessostendit;
701 1090 791 1144 quaet
802 1098 873 1130 succo
881 1091 945 1131 terra

57 1157 83 1199 ot
93 1150 171 1198 calere
182 1150 239 1197 solis
250 1165 388 1211 augescens,
399 1151 476 1214 primo
483 1157 520 1198 est
531 1151 655 1212 peracerba
666 1158 779 1209 gustatu3
796 1149 888 1206 deinde,
897 1166 946 1198 ma·

58 1225 145 1274 turata,
156 1216 286 1275 dulcescit,
304 1217 434 1281 vestitaque
446 1217 572 1279 pampinis,
584 1232 629 1264 nec
646 1215 740 1263 modico
752 1224 831 1279 tepore
842 1227 913 1274 curet,
922 1225 946 1265 et

58 1283 148 1332 nimios
164 1282 221 1331 solis
238 1284 343 1332 defendit
359 1285 468 1332 ardores:
486 1299 534 1345 qua
550 1283 608 1345 quid
625 1290 703 1346 potest
721 1299 779 1340 esse,
791 1300 847 1331 cum
867 1285 945 1333 fructu

58 1350 202 1408 lantiuntum
210 1350 321 1427 adspectu
329 1351 452 1413 pulcrius?
471 1352 542 1428 cujus
552 1351 649 1413 quidem
657 1365 705 1397 non
714 1350 801 1398 utilitas
810 1367 849 1398 me
860 1353 944 1409 solum,

58 1425 88 1466 ut
97 1424 154 1466 ante
165 1417 222 1475 dixi,
231 1418 272 1465 aad
284 1417 356 1466 etiam
372 1419 472 1474 cultura,
484 1418 570 1481 etipsa
582 1426 673 1473 natura,
684 1417 798 1474 delectat,
815 1418 946 1467 adminicu-

59 1484 138 1533 ιοιιιιιι
160 1485 262 1543 ordmes,
279 1484 385 1548 capitum
402 1484 503 1549 jugatio,
521 1485 627 1546 religatio
648 1492 672 1531 et
695 1484 831 1560 propagatio
853 1485 945 1562 vitium,

56 1544 288 1614 'sarmentorumque
299 1568 335 1610 aa,
346 1568 419 1615 quam
438 1552 497 1611 dixi,
516 1551 616 1600 aliorum
633 1551 771 1614 amputatio,
782 1552 908 1600 aliorum'
902 1569 945 1601 rm-

61 1617 150 1667 rnrssio.

93 1684 161 1744 Quid
178 1700 223 1745 ego
239 1684 394 1746 irrigationes,
413 1685 470 1750 quid
488 1685 603 1734 fossiones
622 1685 680 1745 agri,
696 1684 946 1747 repastinationesque,

60 1751 184 1815 proferam,
195 1752 281 1815 quibus
293 1754 320 1802 fit
330 1755 407 1802 multo
424 1763 485 1801 terra
501 1751 640 1801 fecundiori
676 1750 742 1810 Quid
753 1752 782 1799 de
795 1752 895 1800 utilitate
913 1753 946 1801 lo·

59 1834 120 1881 quar
130 1820 273 1868 stercorandi
283 1820 293 1868 l
328 1820 387 1869 Dixi
393 1820 420 1868 in
429 1836 458 1869 eo
467 1820 533 1877 libro,
542 1835 613 1883 quem
624 1818 654 1865 de
665 1819 735 1866 rebus
744 1818 837 1866 maricis
849 1818 946 1881 scripsi;

59 1886 90 1934 de
101 1901 151 1949 qua
166 1886 250 1934 doctus
267 1887 389 1935 Hesiodus
400 1903 431 1936 ne
442 1888 542 1935 verbum
559 1885 654 1948 quidem
672 1885 734 1941 fecit,
746 1902 802 1933 cum
813 1885 843 1933 de
855 1888 947 1935 cultura

59 1952 111 2014 agri
128 1952 244 2003 scriberet.
278 1953 313 2002 At
331 1954 461 2013 Homerus,
472 1953 513 2016 qui
531 1951 613 2001 multis
633 1951 673 2014 (ut
689 1951 748 2000 mihi
765 1952 871 2019 videtur)
891 1962 946 2002 ants

58 2018 153 2069 saeculis
169 2019 221 2078 suit,
234 2020 343 2069 Laertem
361 2020 488 2069 lenientem
506 2018 655 2076 desiderium,
667 2019 730 2080 quod
747 2019 853 2082 capiebat
865 2036 878 2067 e
890 2020 946 2075 filio.

59 2087 178 2136 colentem
190 2103 281 2148 agrum.
292 2096 383 2136 etcum
401 2095 577 2144 stercorantem,
588 2085 651 2133 iacit.
685 2085 738 2133 Nec
755 2102 810 2134 vero
828 2087 946 2146 segetibus

58 2154 147 2212 solum,
159 2161 183 2201 et
200 2155 279 2216 pratis,
291 2163 315 2203 et
331 2155 414 2205 vineis.
431 2163 455 2203 et
471 2153 579 2211 arbustis,
590 2168 628 2200 res
644 2151 737 2200 metica
754 2154 811 2201 loetea
829 2161 892 2209 sunt,
904 2156 946 2203 sed

59 2219 132 2268 etiam
143 2220 218 2268 hortis
229 2228 253 2268 et
263 2221 389 2284 pomariis3
407 2230 458 2271 tum
475 2221 594 2284 pecudum
606 2225 683 2281 pastu,
695 2219 775 2281 apium
788 2220 945 2280 examinibus,

58 2286 146 2337 tiorum
163 2288 273 2336 omnium
290 2288 408 2337 varietate.
442 2289 497 2336 Nec
513 2286 657 2336 consitiones
674 2287 746 2335 modo
762 2288 887 2348 delectant,
904 2290 946 2338 sed

58 2353 133 2403 etiam
143 2353 283 2414 insitiones;
300 2356 386 2419 quibus
397 2355 457 2405 nihil
468 2355 560 2403 invenit
571 2352 716 2416 agricultura
727 2354 842 2404 solertius.

93 2487 164 2537 xvi.
181 2488 284 2537 Possum
299 2489 410 2552 persequi
421 2490 496 2538 multa
508 2490 679 2537 oblectamenta
691 2504 770 2537 rerum
788 2489 944 2538 rusticarum:

58 2555 101 2604 sed
108 2555 261 2619 aaipsaqua
268 2555 326 2613 dixi,
334 2557 407 2605 luisse
416 2556 494 2604 sentio
503 2555 616 2617 longiora.
647 2555 777 2617 Ignoscetis
783 2565 875 2605 autem:
889 2574 945 2605 nam

51 2630 84 2672 'ot
94 2623 173 2671 studio
184 2638 263 2672 rerum
274 2623 415 2672 rusticarum
426 2631 550 2687 provectus
565 2639 626 2681 sum,
639 2631 663 2672 et
680 2630 790 2671 senectus
808 2631 844 2671 est
860 2632 945 2672 notura

58 2689 196 2753 loquacior3
213 2706 244 2738 ne
255 2691 285 2738 ab
296 2690 407 2738 omnibus
415 2707 467 2739 eam
476 2691 538 2739 vitiis
546 2689 625 2741 ridear
633 2690 760 2738 vindicare.
794 2689 859 2750 Ergo
868 2690 893 2737 in
899 2690 945 2738 hac

58 2755 108 2804 vita
117 2755 153 2804 M'
160 2755 256 2815 curius,
265 2773 320 2806 cum
332 2758 362 2806 de
373 2757 528 2815 Samnitibus,
537 2757 567 2806 da
576 2757 678 2814 Sabinis,
687 2757 717 2805 de
727 2755 818 2818 Pyrrho
830 2756 946 2818 triumph·

58 2830 129 2881 esset,
146 2825 278 2873 consumsit
297 2833 431 2874 extremum
446 2833 541 2888 tempus
558 2824 646 2872 atatis:
664 2825 733 2887 cujus
750 2822 845 2885 quidem
863 2822 945 2872 villam

57 2906 104 2951 ego
116 2891 287 2954 contemplans,
301 2890 380 2954 (abest
390 2891 454 2940 enim
472 2908 521 2940 non
534 2892 604 2950 longe
615 2907 630 2939 a
641 2893 691 2955 ma)
706 2889 815 2938 admirari
827 2889 884 2936 satis
895 2906 944 2939 non

58 2972 158 3021 possum
167 2959 204 3006 vel
216 2958 321 3007 hominis
329 2959 405 3022 ipsius
412 2957 592 3015 continentiam,
600 2958 636 3005 vel
646 2964 779 3020 temporum
787 2955 944 3019 disciplinam.

59 3023 143 3082 Curio,
150 3025 179 3073 ad
190 3025 271 3074 iocum
283 3026 381 3085 sedenti,
391 3042 505 3086 magnum
518 3023 569 3073 auri
580 3024 675 3087 pondus
685 3022 805 3071 Samnites
816 3040 872 3072 cum
884 3033 945 3073 attu-

57 3090 149 3148 lissent,
161 3092 276 3154 repudiati
287 3095 317 3141 ab
328 3109 357 3141 eo
368 3101 439 3141 sunt:
457 3108 507 3141 non
524 3090 588 3140 enim
601 3106 686 3139 aurum
703 3091 795 3149 habere,
807 3092 944 3153 praeclarum

57 3157 103 3206 sibi
112 3158 186 3207 videri
196 3159 273 3218 dixit3
290 3159 332 3208 sed
342 3159 379 3218 iis,
387 3159 428 3222 qui
440 3160 553 3208 haberent
562 3173 653 3215 aurum,
662 3157 783 3221 imperare.
818 3157 944 3207 Poteratne

57 3232 141 3275 tantus
152 3226 247 3275 animus
258 3242 308 3276 uon
316 3227 448 3290 jucundam
460 3226 552 3274 efficere
563 3225 727 3274 senectutemi

91 3291 141 3341 Sed
151 3293 222 3342 venio
233 3294 263 3343 ad
274 3294 396 3355 agricolas,
409 3310 439 3342 ne
451 3310 465 3341 a
477 3292 592 3356 meipsam
609 3292 725 3341 recedam.
759 3290 790 3338 ln
802 3291 865 3351 agris
876 3300 944 3341 erent

57 3368 111 3409 tunt
128 3368 256 3420 wustores,
267 3369 291 3409 et
307 3361 379 3410 iidem
396 3376 480 3409 senes:
498 3359 616 3423 siquidem
632 3359 710 3408 aranti
722 3358 752 3407 L.
764 3356 866 3416 Quintio
885 3359 944 3406 Cin·

56 3426 157 3477 cinnatu
167 3428 305 3477 nuntiatum
321 3436 364 3486 est,
376 3444 432 3477 eum
447 3427 584 3477 dictatorem
595 3443 647 3475 esse
663 3426 766 3474 sactum:
785 3429 854 3492 enjus
871 3426 943 3474 dicta·

56 3494 116 3544 toris
132 3495 211 3560 jussu,
222 3495 334 3557 magister
353 3495 461 3561 equitum
484 3494 515 3544 C.
528 3493 648 3545 Servilius
671 3493 951 3557 thessalicum,
