2054 3946
225 484 298 531 LIB.
314 485 368 530 111.
401 487 481 532 ctu.
506 487 646 532 XXXIX·
812 492 870 546 225

35 593 113 650 edum
129 592 218 660 utilia,
232 611 294 665 quae
311 613 367 652 non
380 595 454 652 sint:
471 596 514 653 sic
528 613 560 652 se
574 595 678 661 dicere,
693 595 781 652 videri
793 614 869 669 quae·

35 693 48 731 n
74 673 204 740 honesta,
227 692 290 744 quie
316 693 373 731 non
399 675 474 742 sint;
504 685 535 731 ut
559 675 614 732 hoc
639 677 734 751 ipsum
761 675 870 733 videtur

35 763 148 820 testum,
161 753 347 810 conservandi
358 755 432 829 juris
443 754 654 831 jurandioausn
668 756 701 812 ad
714 755 869 811 cruciatum

35 833 154 888 ertisse:
177 825 227 888 sed
242 834 274 889 iit
288 851 345 889 non
364 834 534 902 honestum;
558 836 634 906 quia,
650 834 724 906 quod
747 853 798 909 per
811 834 869 890 vim

39 912 113 968 tium
129 921 205 968 esset
226 922 330 978 actum,
346 931 437 970 rurum
454 932 518 972 esse
534 933 590 971 nou
606 914 712 971 debuit.
755 912 870 970 Addunt

35 1009 81 1056 rm,
112 990 250 1063 quidquid
276 992 357 1048 vaide
385 995 454 1050 utile
483 994 529 1059 sit,
560 993 588 1050 id
618 993 678 1049 fieri
707 993 869 1058 honesturn,

35 1070 406 1129 ,msiantenonvideretun
451 1072 704 1130 Haecferecontra
715 1072 869 1148 Regulum.
908 1122 920 1144 ,

35 1149 42 1206 Ι
54 1149 148 1225 prima
162 1149 319 1208 videamus.

35 1274 76 1332 .P.
93 1274 205 1332 XXIX.
246 1273 316 1344 Qoae
332 1275 455 1354 sitfides
462 1274 673 1354 jurisjurandi
685 1294 752 1334 cum
765 1275 869 1345 noun·

35 1370 88 1429 ruoe
105 1371 171 1411 cum
180 1354 343 1431 predone:
365 1374 425 1431 qun
440 1354 607 1413 conditione
619 1357 787 1434 rulumfiat
799 1355 869 1434 juu-

36 1431 208 1490 urundum:
231 1433 321 1512 hujus
337 1435 380 1491 rei
395 1433 510 1512 enempl
532 1478 538 1493 .

34 1543 97 1601 ‚iou
112 1543 165 1600 snit
178 1544 293 1619 Jupiter
313 1547 493 1615 metuendus,
509 1566 545 1604 ne
561 1548 648 1604 iratus
663 1555 797 1603 noceret:
821 1546 870 1617 qui

35 1641 78 1695 [ue
94 1623 178 1680 irasci
193 1624 274 1691 solet,
290 1644 342 1681 nec
356 1646 469 1685 nocere.
513 1628 585 1684 Haec
600 1626 713 1698 quidem
728 1626 799 1682 ratio
812 1643 870 1683 non

35 1703 78 1779 gis
98 1713 196 1759 contra
217 1703 332 1779 Reguli,
348 1726 433 1779 quarn
455 1718 552 1764 contra
566 1725 650 1763 omne
668 1703 870 1780 jusjurandum

35 1792 69 1839 et.
112 1782 171 1838 Sed
191 1785 221 1840 in
239 1784 434 1861 jurejurando,
454 1806 512 1843 non
535 1787 583 1858 qui
606 1796 709 1850 metus,
733 1783 784 1840 sed
806 1801 870 1856 quae

44 1863 91 1928 sit,
107 1861 192 1918 debet
212 1863 362 1939 intelligi.*
404 1867 460 1922 Est
479 1867 555 1922 enirn
573 1862 774 1940 jusjurandum
797 1862 870 1920 affir-

35 1942 73 1997 tio
85 1942 227 2016 religiosa.
271 1942 355 2007 Quod
369 1955 462 2001 antem
474 1944 619 2008 affirmate,
631 1943 713 2014 quasi
723 1941 777 1998 deo
787 1952 869 2009 teste,

35 2021 163 2087 miserie,
179 2020 207 2077 id
229 2022 382 2080 tenendum
395 2034 450 2080 est.
491 2023 557 2080 Jam
578 2023 656 2080 enim
677 2041 735 2078 uon
751 2021 786 2078 ud
800 2023 870 2080 iram

35 2119 114 2166 rrum,
131 2119 193 2172 quae
214 2101 293 2157 nulla
315 2102 383 2168 est‚†
397 2102 447 2159 sed
470 2101 504 2159 ad
521 2102 664 2178 justitium
686 2111 714 2157 et
734 2100 769 2157 ad
783 2101 870 2158 fidem

35 2181 118 2236 tinet.
161 2179 238 2237 Nam
253 2182 387 2257 praeciare
400 2182 534 2239 Ennius:

85 2290 107 2339 Ο
120 2291 192 2340 Fides
203 2294 272 2352 nima,
284 2301 340 2356 apta
350 2293 451 2358 pinnis‚‡
464 2300 488 2342 et
495 2292 664 2358 jusjurandum
675 2291 690 2341 J
692 2292 766 2351 ovis.§

294 2441 445 2486 CHAPTER
463 2441 556 2485 XXIX.

44 2529 98 2574 Non
110 2528 295 2583 qui-intelligi.
329 2529 381 2572 The
398 2527 488 2584 subject
500 2528 527 2572 of
541 2529 637 2583 lnquiry
648 2530 723 2583 ought
738 2532 762 2572 to
781 2527 816 2580 be,
826 2530 872 2572 not

35 2587 50 2624 rt
62 2581 82 2624 is
94 2581 133 2624 the
145 2582 270 2636 particular
281 2582 325 2625 evil
338 2587 362 2625 to
375 2582 402 2625 be
415 2582 517 2626 dreuded
529 2595 553 2625 ns
565 2585 714 2638 consequent
725 2593 757 2624 on
774 2581 871 2625 theuto·

35 2646 58 2677 m
70 2634 98 2677 of
106 2647 137 2678 nn
151 2635 212 2688 outh,
223 2633 266 2680 but
277 2635 353 2679 ruther
363 2635 428 2679 what
439 2635 460 2678 is
472 2635 502 2679 its
514 2635 650 2689 obligation.

48 2688 106 2740 Quae
119 2689 192 2732 nrrlla
208 2690 250 2733 cul.
283 2689 418 2751 According
431 2693 455 2732 to
467 2689 506 2733 the
525 2689 624 2743 opinion
637 2688 665 2731 of
678 2688 718 2731 the
733 2686 808 2731 Stolos
822 2686 871 2731 und

35 2740 134 2792 demine,
147 2741 186 2785 the
205 2741 264 2795 gods
281 2742 389 2786 intersere
408 2754 433 2786 rn
450 2742 540 2786 human
556 2741 641 2792 affairs,
653 2740 741 2794 merely
754 2744 778 2783 to
789 2740 872 2784 confer

35 2794 92 2837 efits.
128 2795 181 2839 Evil
194 2794 250 2849 they
261 2806 333 2839 never
350 2795 430 2840 inflict.
467 2797 501 2840 De
512 2796 564 2840 Nat
577 2796 605 2839 D.
616 2795 647 2838 iv.
660 2795 689 2837 43
702 2793 750 2836 und
762 2794 799 2836 44.
833 2795 870 2837 On

49 2845 117 2899 head,
129 2848 208 2891 Cicero
220 2848 269 2891 will
288 2847 316 2892 be
333 2849 410 2894 found
427 2852 470 2893 not
487 2849 600 2903 periectly
611 2847 749 2894 consistent.
761 2845 871 2907 perhaps,

35 2898 161 2944 rhimself.
195 2901 308 2944 Diuorum
326 2901 373 2945 irus
385 2902 532 2957 providento.
553 2904 624 2955 Legg·
637 2900 661 2944 ii.
673 2900 694 2944 8.
728 2900 823 2961 ¹impius
840 2911 887 2944 ne.

35 2957 72 2996 eto
84 2955 176 3007 placare
188 2954 257 2998 donis
275 2955 334 2998 irem
346 2956 452 3005 deorum.
464 2955 487 2999 ii.
497 2955 519 3007 9,
530 2956 578 2998 ond
589 2965 662 2998 even:
681 2952 713 2995 dii
726 2951 871 3015 rnrrrrortules

35 3006 120 3051 tinibus
135 3007 201 3052 irasci
220 3011 243 3051 et
261 3021 400 3054 succensere
417 3011 570 3053 consuerunt.
602 3009 648 3051 Pro
660 3008 730 3050 Rosc.
745 3005 780 3049 16.
814 3006 837 3049 It
850 3017 872 3050 rs

35 3059 84 3103 ittle
101 3065 208 3104 moment
225 3066 249 3104 to
266 3061 359 3116 inquire
370 3062 447 3107 which
465 3061 564 3116 opinion
578 3060 658 3104 Cicero
675 3059 748 3112 really
760 3056 828 3100 held·
845 3069 871 3102 or

35 3113 91 3157 rther
107 3118 130 3157 nt
140 3115 249 3158 different
265 3115 335 3159 times
344 3114 374 3160 he
389 3116 443 3161 held
459 3115 597 3169 oppositeo
616 3112 708 3174 inions:
728 3089 854 3166 proceedin

35 3179 41 3210 r
53 3179 84 3228 on
96 3167 134 3210 the
143 3168 271 3211 adinission
285 3168 335 3211 thet
347 3169 385 3213 the
394 3169 470 3213 wrnth
483 3168 510 3211 ot'
517 3167 557 3211 the
567 3127 625 3221 gods
637 3178 656 3208 rs
666 3163 777 3208 nottobe
785 3163 847 3226 icere
864 3195 871 3218 ‚
899 3201 901 3205 .

35 3222 154 3317 opintains
167 3222 217 3265 that
228 3234 243 3265 u
254 3221 319 3266 strict
330 3222 458 3278 obhgntion
470 3221 542 3265 urises
554 3221 616 3264 from
625 3218 665 3263 the
675 3219 734 3262 lnws
746 3217 774 3263 os
784 3221 871 3272 justice

61 3286 145 3317 onour.

43 3328 106 3380 Apta
116 3328 206 3380 prunus.
241 3328 322 3373 Alutu-
356 3330 418 3384 Apta
436 3329 455 3372 is
472 3325 528 3372 here
540 3325 665 3389 employed
677 3336 703 3368 ns
713 3323 745 3380 by
757 3321 871 3377 virgil,—

35 3381 93 3424 elum
107 3381 180 3424 stellis
191 3381 338 3435 fulgentibus
349 3383 458 3438 aptum.”
493 3383 548 3425 AEn.
559 3392 592 3424 ιι.
604 3380 656 3442 20,ss-

46 3435 227 3478 Jw'rrrcndum
245 3435 313 3479 Jonir.
347 3437 442 3488 Jupiter
462 3446 512 3477 wns
530 3433 569 3478 the
586 3433 670 3478 arbiter
684 3429 712 3474 of
731 3428 807 3480 octus,

35 3498 69 3532 ue
83 3447 127 3530 iau
140 3488 178 3532 the
190 3489 335 3543 appellation
346 3490 397 3537 zntc
407 3487 485 3540 ὅρκιος.
519 3488 550 3534 In
561 3487 602 3533 the
613 3487 711 3542 hezedy
722 3483 786 3531 hom
793 3430 893 3703 [ἦ
