2054 3946
414 465 495 511 css.
512 464 622 510 xxm.
899 472 954 526 261

72 574 128 624 cunr
150 571 181 622 od
197 573 257 623 illud
273 573 383 622 divtnum
399 573 535 623 enimomm
552 573 680 623 concilium
698 583 832 637 coctumque
855 575 957 637 proficis·

71 657 118 698 ear,
131 657 235 702 cumque
255 657 286 689 ex
304 642 349 689 hoc
365 642 435 690 turbs
451 649 475 689 et
493 641 627 690 colluvione
647 641 781 690 discedam!
818 642 957 691 Proficiscsr

71 708 145 765 enim,
157 723 206 755 non
219 707 248 755 ad
259 724 300 756 eos
318 709 395 756 solum
412 707 482 766 viros,
494 709 524 756 de
536 708 622 770 quibus
642 717 697 757 snte
714 708 771 765 dixi,
783 708 824 754 sed
836 709 908 756 etiarn
926 711 955 758 od

71 772 192 824 Catonem
203 791 292 833 meum,
301 791 349 836 quo
361 791 432 823 nemo
443 774 479 822 vir
490 775 571 824 medior
582 784 653 825 notus
665 784 707 834 ost,
719 791 789 823 nemo
801 775 887 837 pietate
900 792 955 838 prae·

70 840 185 891 stantior:
203 843 273 906 cujus
284 858 298 889 s
310 857 348 889 me
359 857 445 904 corpus
456 851 586 890 crematum
598 851 650 900 est;
666 844 730 905 quod
741 850 824 890 contre
835 843 914 891 decuit
925 845 955 892 ab

70 907 112 957 iilo
125 924 214 956 meum.
247 908 352 956 Animus
369 924 431 966 vero,
443 924 492 956 non
505 925 543 956 me
555 909 672 967 deserens,
681 911 722 958 sed
734 918 876 972 respectans,
888 909 914 957 in
926 927 954 959 eo

70 975 175 1038 profecto
193 976 245 1023 locs
260 974 375 1033 discessit,
392 991 439 1038 quo
460 975 519 1024 mihi
542 975 588 1038 ipsi
605 979 716 1025 cernebat
733 993 783 1024 esse
802 976 953 1026 veniendum.

71 1041 152 1102 Quem
164 1059 208 1104 ego
220 1058 301 1090 meum
313 1058 395 1090 casum
412 1041 501 1090 fortiter
512 1042 571 1091 ferre
583 1043 648 1092 visus
662 1060 731 1101 sum3
748 1059 797 1090 non
810 1044 873 1104 quod
885 1059 953 1105 aequo

70 1108 152 1158 animo
169 1110 267 1157 serrem:
286 1109 327 1156 sed
347 1125 385 1157 me
406 1109 457 1172 ipse
476 1111 621 1168 consolabar,
634 1110 779 1168 existimans,
792 1127 842 1158 non
859 1111 953 1172 longiu-

70 1192 147 1239 quum
160 1177 221 1225 inter
233 1193 277 1223 nos
289 1177 421 1236 digressum
433 1186 457 1225 et
468 1176 599 1224 discessum
610 1177 666 1225 sore.

104 1242 152 1291 His
170 1243 229 1291 mihi
247 1246 324 1300 rebus,
337 1243 424 1305 Scipio,
439 1243 475 1306 (id
487 1244 551 1292 enim
564 1251 654 1292 tecum
671 1243 744 1292 Laelio
756 1244 866 1293 admirari
878 1246 951 1295 solere

69 1308 165 1374 dixisti)
185 1310 244 1358 levis
261 1319 297 1358 est
320 1319 437 1368 senectus,
462 1326 507 1359 nec
524 1312 602 1359 solum
621 1327 671 1359 non
689 1313 794 1368 molesta,
815 1313 857 1360 sed
879 1313 952 1363 ctiam

74 1376 191 1441 jucunda.
224 1377 296 1436 Quod
309 1376 365 1425 siin
377 1377 487 1434 hoceno,
496 1378 559 1441 quod
569 1378 661 1426 animos
673 1379 799 1427 hominum
808 1379 951 1429 immortales

69 1459 122 1492 esse
133 1444 234 1501 credam,
247 1445 354 1492 lubenter
365 1460 430 1492 erro:
447 1460 492 1492 nec
509 1445 569 1493 mihi
580 1446 646 1493 hunc
657 1461 765 1502 errorem,
777 1461 824 1507 quo
841 1447 951 1505 delector,

69 1509 127 1559 dum
139 1510 201 1569 vivo,
212 1510 344 1573 extorqueri
356 1513 417 1560 volo.
451 1510 503 1568 Sin,
515 1520 630 1569 mortuus,
641 1511 681 1573 (ut
693 1513 789 1575 quidum
801 1513 888 1561 minuti
899 1515 950 1577 phi·

69 1577 163 1640 losophi
172 1583 282 1642 censent)
294 1577 354 1626 nihil
361 1577 476 1637 scntiom3
494 1594 543 1626 non
553 1594 639 1637 vereor,
648 1595 680 1627 ne
689 1580 753 1628 hunc
759 1596 859 1627 errorem
870 1597 950 1630 meum

70 1645 156 1693 mortui
180 1645 313 1708 philosophi
335 1645 454 1693 irrideant.
495 1646 566 1704 Quod
588 1646 608 1693 si
627 1662 677 1695 non
699 1663 783 1694 sumus
806 1647 950 1696 immortales

69 1709 149 1771 futuri,
160 1718 239 1760 tumen
257 1711 379 1773 exstingui
396 1711 488 1760 homini
504 1729 549 1761 suo
566 1722 671 1776 tempore
688 1713 789 1776 optabile
800 1722 844 1762 ost.
884 1714 950 1764 Nam

68 1776 140 1826 hebet
160 1787 252 1836 natura,
269 1788 296 1826 ut
318 1778 418 1827 aliarum
438 1778 548 1828 omnium
567 1796 653 1835 rerum.
671 1781 706 1828 sic
726 1780 828 1839 vivendi,
845 1781 950 1831 modurn.

68 1843 186 1895 Senectus
197 1855 278 1894 sutem
289 1844 392 1908 peractio
402 1845 477 1893 statis
488 1854 531 1904 est,
543 1854 665 1909 tamquam
682 1846 782 1906 fabulae;
800 1849 870 1913 cujus
887 1848 950 1898 deis-

68 1911 207 1973 tigstionem
219 1913 299 1975 fugere
311 1912 430 1970 debemus,
442 1912 570 1976 presertim
582 1914 693 1978 adjuncta
704 1914 818 1964 satietate.

100 1978 161 2028 Hoc
171 1980 252 2039 habui,
263 1981 293 2029 de
305 1987 426 2028 senectute
438 1995 490 2041 quae
501 1979 617 2038 dicerem
634 1981 664 2029 ed
675 1997 748 2043 qusm
761 1983 852 2031 utinam
871 1999 950 2046 perse·

66 2044 155 2096 nistis!
174 2054 202 2096 ut
212 2063 249 2107 es,
260 2063 313 2111 quse
325 2063 356 2096 ex
367 2062 406 2096 me
418 2045 524 2106 audistis,
537 2063 561 2095 re
573 2047 671 2112 experti,
681 2050 778 2112 probare
789 2049 884 2114 possitis
