2054 3946
69 191 123 246 114
393 186 441 232 DE
465 186 642 233 oxxlcns.

65 296 133 351 utile
160 313 218 350 non
243 304 329 360 esset,
353 304 382 350 ct
408 295 487 361 utile,
512 294 588 365 quod
616 312 674 351 non
699 294 873 352 honesturn:
892 312 941 367 an

66 375 143 432 nulla
157 374 298 447 pernicies
314 374 405 448 major
418 373 568 431 hominum
582 375 646 429 vitae
660 375 755 449 potuit
767 373 860 431 afferi.
987 418 990 455 Ι

106 454 225 507 Summa
246 452 362 523 quidem
383 452 545 509 auctoritate
569 453 747 528 philosophi,
763 470 865 509 severe
884 470 943 511 eane
987 500 990 525 ,

67 543 149 602 atque
175 530 304 598 honeste,
329 531 390 587 haec
410 532 463 587 tria
483 550 588 607 genera
610 531 757 599 confusa*
782 532 943 609 cogitatione
985 530 990 587 1

67 610 268 685 distinguuntl
310 610 456 681 Quidquid
470 611 547 667 enim
556 612 667 686 justum
681 612 729 678 sit,
740 610 771 667 id
784 612 872 668 etiarn
884 610 944 669 utile
987 614 990 673 Ξ

67 708 130 745 esse
152 700 286 746 censent:
309 690 434 761 itemque
456 689 532 761 qnod
553 690 715 756 honestum,
730 690 810 747 idern
831 690 943 765 justum

67 769 116 825 Ex
137 788 193 840 quo
215 769 345 835 efficitur,
360 781 401 836 ut,
417 769 555 841 quidquid
577 770 729 827 honestum
756 768 896 836 sit‚idern
913 768 945 825 rit
974 804 990 825 ·.

67 849 145 904 utile.
188 847 272 914 Quod
292 849 341 919 qui
363 868 462 923 parum
484 849 669 923 perspiciunt,
684 848 715 905 hi
730 866 810 923 saepe
825 856 945 905 versutos
988 862 990 929 j

67 927 198 983 homines
225 939 253 983 et
275 927 392 984 callidos
414 927 595 993 admirantes
618 927 757 984 malitiam
784 928 944 1003 sapientiam
986 940 990 989 ¹]

64 1006 202 1083 judicant.
259 1008 387 1071 Quorum
416 1026 493 1063 error
519 1007 683 1082 eripiendus
711 1018 767 1074 est,
797 1007 945 1083 opinioque

68 1087 161 1141 omnis
177 1085 289 1142 adeam
311 1090 408 1160 spem‡
421 1086 602 1154 traducenda,
618 1097 650 1142 ut
670 1086 802 1143 honestis
825 1085 945 1143 consiliis

64 1166 208 1242 justisque
230 1165 321 1230 lactis,
338 1186 395 1221 non
411 1166 508 1222 sraude
523 1177 552 1222 et
565 1166 673 1222 malitia
686 1184 717 1223 se
733 1166 897 1243 intelligant
907 1184 944 1233 ea.

69 1263 131 1316 quae
147 1246 244 1310 velint,
256 1246 394 1316 consequi
409 1264 505 1319 posse.

109 1324 179 1388 Quo
201 1343 268 1399 ergo
290 1323 324 1379 ad
346 1325 431 1380 vitam
460 1324 609 1381 hominum
637 1322 771 1381 tuendam
799 1324 946 1400 pertinent.
986 1326 990 1395 ,ἷ

69 1404 170 1478 partim
189 1415 255 1459 sunt
276 1403 410 1470 inanima,
426 1414 458 1458 ut
478 1422 587 1470 aurum,
603 1413 761 1478 argentum,
777 1414 811 1460 ut
831 1422 876 1471 ea,
890 1422 946 1477 quc
987 1414 990 1455 :

69 1484 222 1558 gignuntur
237 1492 349 1548 eterra,
366 1484 464 1538 utalia
479 1483 591 1557 generis
606 1481 754 1558 ejusdem:
775 1484 881 1559 partim
895 1482 947 1541 ani·
988 1484 990 1499 '

68 1562 164 1628 malla,
188 1581 250 1634 quae
272 1562 377 1617 habent
398 1581 466 1618 suos
489 1563 612 1636 impetus
632 1572 661 1617 et
681 1580 777 1620 rerum
798 1562 946 1639 appetitus.

69 1641 179 1697 Eorum
200 1652 294 1697 antem
319 1641 373 1697 alia
394 1642 510 1698 rationis
528 1641 656 1716 expertia
673 1651 749 1708 sunt,
764 1642 822 1699 alia
846 1644 947 1701 ratione

69 1722 184 1777 utentia.
227 1721 370 1794 Expertes
392 1721 519 1786 rationis,
544 1721 621 1791 equi,
641 1721 742 1787 boves,
764 1722 884 1793 reliqua
904 1740 948 1797 pe·

69 1800 156 1855 eudes
175 1798 277 1876 [apes]
294 1818 412 1871 quarum
433 1818 519 1875 opere
541 1800 661 1865 efficitur
682 1799 791 1871 aliquid
812 1800 849 1857 ad
870 1820 947 1859 usum

70 1878 218 1934 hominum
234 1889 316 1949 atque
332 1880 428 1935 vitam.
471 1879 592 1936 Ratione
614 1889 707 1935 autem
733 1881 876 1937 utentium
895 1880 947 1939 dno

70 1976 174 2028 genera
206 1968 325 2032 ponunt,
356 1958 472 2014 deorum
508 1977 607 2024 unum,
636 1958 754 2014 alterum
789 1958 946 2017 hominum.

70 2036 149 2092 Deus
176 2037 301 2110 placatos
331 2038 421 2111 pietas
444 2038 548 2094 efficiet
574 2048 603 2093 et
634 2037 787 2094 sanctitas:
821 2040 947 2115 proxime

71 2127 162 2171 autern
178 2127 206 2171 et
227 2116 381 2172 secundum
397 2116 476 2182 deos,
493 2117 623 2173 homines
638 2117 805 2173 hominibus
827 2119 948 2175 maxime

69 2195 153 2250 utiles
183 2213 246 2251 csse
276 2207 406 2269 possunt.
449 2197 613 2266 Earumque
647 2196 714 2252 item
747 2215 855 2265 rerum,
890 2216 947 2271 quc

70 2284 191 2330 noceant
213 2284 240 2330 et
261 2276 364 2341 obsint,
381 2274 479 2331 eadem
495 2274 598 2331 divisio
619 2286 671 2332 est.
713 2274 771 2332 Sed
794 2278 864 2348 quia
884 2276 947 2335 deos

70 2373 172 2410 nocere
194 2373 251 2409 non
273 2364 380 2428 putant,
403 2354 448 2409 his
471 2355 610 2429 exceptis,
632 2354 764 2411 homines
786 2356 947 2415 hominibus

71 2435 172 2489 obesse
187 2434 350 2508 plurimum,
367 2435 544 2489 arbitrantur.
586 2434 631 2490 Ea
645 2434 720 2489 enirn
743 2434 818 2508 ipsa,
833 2454 898 2507 quae
911 2436 948 2493 in·

70 2515 163 2569 anima
177 2512 313 2577 diximus,
328 2513 462 2587 pleraque
478 2523 544 2569 sunt
564 2513 711 2569 hominum
727 2514 824 2587 operis
840 2514 947 2577 effecta,

70 2612 132 2664 quac
148 2611 200 2648 noc
215 2592 394 2659 haberemus,
410 2592 465 2648 nisi
481 2611 580 2648 manus
594 2602 622 2648 ot
636 2611 679 2648 ars
693 2594 882 2651 accessisset:
901 2612 948 2652 uec

103 2769 116 2796 s
130 2759 246 2817 Confusa.
279 2762 293 2784 ‘⁶
301 2760 361 2813 Quia
364 2761 465 2857 (proprie
478 2772 550 2804 unam
566 2773 616 2804 rem
634 2761 747 2813 1111111111,
758 2763 861 2807 contusa
872 2764 949 2809 dicun·

68 2815 133 2857 tur.’'
168 2813 267 2859 Ernesti.
302 2815 351 2858 llne
398 2826 444 2867 quo
457 2814 577 2868 loquimur
586 2815 949 2873 ‹ecorumtotumutuaqutuen

69 2869 102 2911 est
115 2879 169 2910 cum
178 2868 264 2911 virtute
274 2866 408 2922 mrrfusrrm,
420 2867 433 2909 i.
442 2868 478 2910 27.

102 2920 118 2974 †
131 2921 304 2973 Distinguunt.
338 2919 501 2974 Plrilosophers
509 2921 537 2963 of
546 2919 949 2979 [11111111111111111111111111111

70 2971 119 3014 that
132 2973 208 3016 which
219 2974 239 3015 is
249 2973 357 3027 justanti
370 2973 520 3025 honourabtc‚
530 2987 555 3016 as
567 2974 592 3017 in
602 2975 664 3017 trutlr
677 2974 824 3028 inseparable
837 2978 897 3021 from
904 2976 949 3021 thet

71 3024 146 3066 whioh
160 3026 178 3067 is
189 3026 271 3078 1111111,
284 3026 329 3069 still
342 3026 421 3069 admit.
431 3025 479 3068 111111
491 3027 515 3069 in
527 3027 586 3081 idea,
599 3028 646 3070 and
657 3028 745 3083 merely
759 3041 786 3072 as
797 3042 811 3073 a
822 3030 914 3086 subject
923 3030 949 3075 ot

71 3076 195 3130 retlection,
206 3079 261 3132 they
274 3091 328 3133 may
339 3079 366 3121 be
378 3078 501 3134 disjoined.

105 3131 164 3191 ssrtd
183 3142 233 3173 enm
251 3144 324 3186 spem.
355 3133 402 3177 hht
422 3134 444 3177 lo
463 3132 517 3186 hope
549 3146 577 3177 or
592 3144 679 3178 success
697 3134 726 3189 by
736 3133 890 3189 fraudulent
905 3136 949 3181 mal

62 3180 165 3227 ,elmenh
172 3184 294 3242 practices,
306 3186 346 3234 hut
357 3188 387 3243 by
395 3186 532 3242 obseruirrgt
573 3187 672 3242 11111111·
689 3186 779 3232 hunum
792 3190 841 3232 1111.
851 3190 944 3244 houm
