2054 3946
74 180 128 236 178
387 174 436 220 nn
459 173 638 221 osricus.

70 302 184 358 semper
198 282 293 340 officio
307 282 449 359 iungetur,
461 283 573 340 utilitati
587 280 743 339 consulens
756 282 943 353 hominumet

70 364 107 428 ei,
123 382 208 434 quam
223 381 299 437 sape
314 381 518 428 commemoro,
534 363 664 419 humanae
679 362 825 419 societati.

111 442 188 499 Nam
209 441 284 513 quod
300 441 333 497 ad
355 442 515 499 Phalarim*
537 442 645 507 attinet,
659 440 798 516 perfacile
815 440 957 518 judicium'

70 530 123 576 est.
166 521 256 577 Nulla
268 521 345 577 enirn
360 523 442 577 nobis
457 521 578 577 societas
592 540 658 577 cum
668 522 812 595 tyrannis,
823 532 853 577 et
863 522 945 597 potius

70 619 183 656 summa
203 600 347 656 distractio
362 610 423 656 est:
445 618 538 671 neque
553 609 597 655 est
616 611 716 655 contra
736 612 878 665 naturam,
891 618 946 675 spo·

69 680 138 735 liare
153 698 229 745 cunt,
238 680 262 734 si
276 680 380 753 possis,
394 697 478 751 quem
489 690 533 734 est
544 679 698 735 honestum
712 696 817 735 necare
830 679 856 736 :l
874 690 946 751 atqua

71 759 125 815 hoc
141 777 224 814 omne
239 777 328 832 genus
345 758 512 833 pestiferum
523 768 605 829 atque
617 757 740 831 impium
754 776 794 814 ex
808 757 946 815 hominurn

71 838 272 894 communitate
287 836 533 893 exterminandum
548 847 601 892 est.
642 836 766 893 Etenim
778 848 812 895 ut
832 838 946 893 membra

70 915 200 987 quaedam
221 926 411 990 amputantur,
426 916 450 971 si
471 927 500 971 et
519 916 582 991 ipsa
601 915 741 991 sanguine
763 926 794 973 et
814 926 945 987 tamquam

70 995 171 1070 spiritu
186 1014 277 1051 careri·-
294 1004 449 1070 caeperunt,
466 1004 493 1050 et
506 1004 609 1051 nocent
622 994 739 1065 reliquis
756 996 885 1069 partibus
897 1014 947 1052 cor·

70 1074 169 1149 poris;
191 1074 233 1129 sic
254 1075 308 1130 ista
328 1076 357 1129 in
378 1075 468 1149 ligura
489 1073 613 1130 hominis
640 1074 736 1130 feritas
750 1086 780 1130 ct
794 1074 946 1131 immanitas

69 1152 181 1219 bclluae,
197 1154 370 1210 acommuni
386 1165 529 1224 tamquam
551 1153 735 1209 humanitatis
757 1156 895 1229 corpore‡
910 1170 946 1209 se·

70 1232 212 1307 gregando
226 1242 278 1288 est.
321 1232 417 1308 llujus
439 1232 551 1307 generis
572 1242 638 1288 sunt
658 1233 837 1303 quaestiones
858 1250 945 1303 omnes

70 1329 121 1378 eae,
137 1312 295 1383 inquibus,
311 1330 347 1367 err
363 1312 517 1387 tempore,§
532 1311 657 1368 officium
672 1313 845 1383 exquiritur.

71 1438 161 1495 cnP.
187 1438 253 1495 Vll.
297 1438 462 1496 Honestum
489 1438 536 1497 cel
558 1439 644 1498 unice
668 1439 717 1497 cel
736 1442 872 1501 maxime
894 1456 947 1499 cart

411 1517 614 1595 expetendum.

109 1612 261 1669 Ernsuoos
281 1613 366 1688 igitur
387 1612 475 1670 credo
494 1633 539 1670 res
562 1614 721 1671 Panaetium
740 1624 947 1689 persecuturum

70 1690 169 1757 fuisse,
186 1693 242 1748 nisi
264 1693 350 1763 aliqui
365 1712 461 1759 casus,
475 1702 522 1749 aut
538 1694 699 1768 occupatio,
714 1694 871 1751 consilium
891 1693 948 1768 ejus

69 1773 261 1847 peremissetll
303 1772 349 1830 Ad
363 1791 433 1844 quas
448 1773 526 1848 ipsas
540 1772 764 1829 consultationes
779 1791 818 1829 ex
828 1772 949 1848 superio·

102 1898 115 1925 *
127 1894 260 1939 Phalarim.
294 1897 321 1940 L.
332 1895 385 1939 itt.

101 1946 330 2002 †Nutlu-oecrrre.
368 1948 408 1992 We
416 1949 473 1993 hace
486 1960 517 1993 no
524 1959 630 1993 common
643 1948 687 1993 lies
698 1948 773 1994 which
782 1947 950 2046 uade'rpptotlh

69 2001 174 2061 tyraota,
182 2002 226 2063 litat
234 2001 313 2063 rather
322 2001 382 2046 llere
394 2002 415 2046 r'a
426 2004 525 2047 halicarn
535 2015 566 2045 us
578 2002 613 2046 the
620 2003 857 2064 alrongestbrcprrlsic
909 2012 950 2047 nar

69 2054 950 2171 ntasarththtthrortataamorrhaeo{a

69 2158 128 2201 This
139 2164 251 2220 sentence
263 2173 362 2215 appears
374 2162 467 2215 equally
480 2160 616 2204 ill-htunded
629 2166 693 2221 mrts
704 2162 916 2215 premises,andrn
924 2166 950 2205 its

69 2211 215 2273 conclusion.
249 2215 293 2276 Vlla
306 2225 349 2257 can
363 2214 420 2257 have
433 2227 465 2275 no
477 2214 538 2309 ripht
547 2218 570 2256 to
583 2217 721 2257 nssassrnnte
733 2226 782 2270 any
793 2227 897 2270 persou3
912 2214 951 2277 lant

69 2265 91 2308 tf
99 2277 135 2326 wc
146 2265 199 2318 had,
208 2265 249 2309 the
259 2267 326 2328 right.
333 2273 355 2311 to
367 2267 408 2310 roh
420 2267 495 2328 himo
504 2279 530 2308 so
541 2267 673 2328 wouldnot
684 2266 713 2328 be
724 2272 876 2323 consequent
887 2280 918 2311 on
927 2270 951 2311 rt.

68 2319 951 2426 htthltlht”littorardtttlrltlt*tttltlmahh‘tstlt

68 2437 154 2486 person
166 2424 221 2470 who
241 2426 310 2470 could
328 2426 477 2481 appropriate
495 2425 565 2480 tham,
576 2405 757 2480 by’murdering
773 2427 816 2472 tha
833 2424 951 2483 supposed

69 2479 390 2586 mimdiiriimunr-corpore.
424 2531 476 2575 Tho
491 2530 625 2576 distinction
638 2530 692 2575 here
704 2532 819 2576 intended
832 2545 908 2577 snems
917 2532 952 2577 be·

68 2589 145 2628 twecn
161 2585 226 2628 those
235 2585 289 2627 who
302 2597 341 2627 are
353 2585 452 2627 allowed
464 2589 487 2627 to
500 2584 558 2628 have
570 2586 626 2638 only
636 2584 675 2628 the
687 2587 794 2629 external
806 2598 953 2641 appearance

68 2639 95 2680 of
103 2651 167 2689 rnen,
181 2638 221 2680 but
234 2638 286 2680 who
304 2637 328 2681 in
346 2636 406 2680 their
421 2642 505 2681 nature
518 2650 556 2680 are
573 2637 657 2691 brutes,
668 2639 772 2693 namely,
783 2643 892 2694 tyrunts;
908 2638 952 2683 and

69 2692 134 2734 those
142 2691 194 2733 who
207 2691 279 2745 really
287 2690 369 2744 belong
378 2691 403 2733 in
414 2703 484 2744 evcry
494 2692 561 2745 point
571 2695 595 2734 to
606 2690 644 2734 the
654 2692 742 2735 human
756 2693 857 2747 species.
885 2696 953 2738 From

68 2744 107 2805 the
119 2746 187 2788 latter
197 2743 317 2804 communi
327 2744 481 2788 hirmaoltclir
490 2755 587 2797 copore,
597 2744 660 2806 thesp
673 2749 765 2798 tyrnnts
777 2746 889 2801 (hovius,
898 2758 924 2789 ss
934 2746 953 2789 is

68 2798 118 2840 sard
130 2798 155 2841 in
168 2810 211 2842 our
222 2802 317 2840 ancient
328 2797 373 2840 law
385 2797 412 2840 ol
427 2808 483 2841 rnen
500 2799 728 2851 excommunicem,
740 2801 813 2853 caput
825 2798 950 2853 teporem)

68 2850 291 2960 arcpchetpqq’pffi·
324 2903 396 2947 From
408 2902 593 2966 circumclusam
628 2902 953 2967 sapeenimremporefirmt

67 2957 133 3054 pipoql
145 2960 215 3012 turpe
231 2959 375 3012 plerumque
396 2956 475 3000 haben
488 2956 567 3010 soleat,
584 2958 723 3002 racematur
742 2969 794 3003 rico
814 2970 863 3004 ease
879 2960 952 3014 turpe.

396 3062 547 3106 CHAPTER
562 3062 616 3105 Vll.

101 3127 272 3179 lPeremtrsel.
312 3131 400 3174 “Nova
422 3141 480 3173 usus
500 3134 535 3172 est
554 3129 625 3173 verbo
647 3132 798 3185 perimunt&
826 3133 874 3177 nisi
898 3135 952 3176 forts

63 3181 179 3227 mendum
192 3181 461 3242 subestctlegendum
471 3184 687 3239 estpreeacn'aasett‘
719 3185 819 3229 vasam.
847 3186 953 3230 mother
