2054 3946
358 496 429 544 ΜΒ.
446 496 502 542 111.
535 497 613 543 CAP.
630 497 676 542 IV.
903 502 955 558 l’ll

74 605 204 664 antium*
216 604 314 667 model
323 607 447 682 propria,
460 605 510 663 sed
524 607 679 664 cumomni
693 605 841 663 hominum
854 624 958 681 genere

74 686 251 743 comatunia.
293 685 391 757 ltaque
412 686 457 742 his
478 705 589 753 omnes,
607 687 637 743 in
658 687 761 758 quibus
783 695 826 741 est
847 687 957 741 virtutis

75 763 216 838 indoles,‡
229 775 453 822 commoventur.
497 765 560 823 Nec
571 784 637 822 vero
653 783 718 821 cum
733 764 789 821 duo
803 764 897 831 Decii,
911 779 958 821 ant

74 842 133 901 duo
161 844 323 920 Scipiones,
344 843 430 901 sortes
452 845 504 901 viri
526 853 793 910 commemorantur,
816 853 863 900 aut
891 863 955 900 cnm

75 922 235 989 Fabricius,
258 922 449 997 Aristidesve§
468 924 540 999 justi
565 924 755 989 nominantur,
775 933 822 979 aut
845 923 956 980 abillis

75 1001 259 1069 fortitudinis,
273 1013 322 1059 aut
335 1003 369 1059 ab
383 1003 428 1059 his
439 1003 566 1078 justitiae,
582 1013 726 1074 tamqnam
740 1022 755 1057 a
769 1003 956 1076 sapientibus,

74 1081 181 1156 petitur
194 1082 368 1157 exemplum.
411 1082 507 1139 Nemo
521 1083 597 1138 enim
613 1083 715 1138 horum
730 1082 771 1138 sic
786 1082 911 1156 sapiens,
926 1092 957 1139 ut

28 1160 32 1165 '
75 1161 234 1236 sapientem
262 1164 392 1218 volumus
420 1162 557 1236 intelligi;
589 1180 641 1217 nce
669 1162 700 1226 ii,
729 1161 778 1232 qui
813 1161 956 1236 sapientes

19 1242 23 1249 '
74 1237 164 1296 habiti
188 1251 216 1298 et
237 1242 385 1306 nominati,
410 1241 453 1298 M.
470 1239 544 1297 Cato
565 1250 593 1296 et
615 1239 650 1296 O.
673 1240 789 1307 Laelius,
812 1241 955 1316 sapientes

73 1317 209 1398 tuoruum
235 1339 271 1376 nc
292 1320 332 1376 illi
355 1319 470 1391 quidem
491 1329 600 1396 septem
612 1324 635 1388 :ss
662 1318 712 1375 sed
733 1338 770 1376 ex
797 1320 955 1377 mediorum

73 1397 234 1455 officioram
247 1398 414 1471 frequentia,
429 1398 644 1455 similitudinem
659 1399 809 1471 quamdam
822 1401 956 1474 gerebant

74 1477 259 1553 speciemque
272 1474 454 1554 sapientium.

113 1556 256 1622 Quocirca
276 1576 329 1614 nec
349 1558 388 1624 id,
411 1555 488 1628 quod
511 1575 576 1613 vere
597 1556 747 1613 honestum
768 1568 822 1622 est,
847 1557 888 1614 sas
912 1568 956 1614 est

73 1652 139 1692 cum
161 1635 289 1692 utilitatis
307 1637 514 1713 repugnantiall
537 1639 715 1710 comparari:
743 1655 797 1692 noc
817 1635 856 1702 id,
879 1637 955 1707 quod

72 1715 264 1772 communiter
279 1717 454 1792 appellamus
475 1715 637 1781 honestum,
652 1715 728 1787 quod
743 1717 844 1772 colitur
858 1717 891 1771 ab
906 1717 954 1782 iis,

70 1794 123 1866 qui
145 1795 236 1852 bonos
258 1814 290 1852 se
312 1796 387 1852 viros
411 1794 507 1851 baberi
530 1796 638 1861 volunt,
661 1814 725 1851 cum
753 1795 953 1851 emolumentis

70 1890 200 1946 unquam
228 1885 272 1931 est
298 1872 529 1950 comparandum.
571 1874 702 1944 Tamque
733 1873 761 1930 id
791 1873 953 1941 honestum,

71 1950 151 2024 quod
165 1953 195 2010 in
208 1963 332 2010 nostram
354 1953 568 2028 intelligentiam
585 1952 669 2019 cadit,
685 1952 819 2009 tuendum
841 1972 954 2009 conser-

72 2030 253 2103 vandumque
268 2033 350 2089 nobis
365 2043 417 2099 est,
429 2051 514 2104 qnam
531 2031 610 2099 illud,
621 2031 697 2102 quod
712 2033 825 2108 proprie
841 2030 951 2100 dicitur,

70 2128 196 2183 vereque
209 2121 253 2167 est
266 2112 428 2177 honestum,
445 2111 631 2187 sapientibus
672 2112 763 2168 Aliter
775 2112 851 2168 enim
864 2113 953 2170 teneri

69 2206 130 2246 non
152 2200 256 2265 potest,
278 2191 302 2246 si
327 2210 391 2262 quae
414 2189 449 2246 ad
471 2191 601 2246 virtutem
625 2200 669 2246 est
688 2189 760 2247 sacta
779 2192 951 2267 progressio.

70 2268 129 2325 Sed
151 2269 212 2325 haec
233 2269 348 2341 quidem
370 2269 404 2326 de
426 2270 472 2337 iis,
488 2269 537 2341 qui
557 2271 771 2327 conservatione
792 2271 950 2329 officiorum

69 2349 271 2406 existimantur
285 2350 365 2406 boni.

403 2457 555 2501 CHAPTER
572 2457 614 2500 IV.

69 2575 93 2620 hi
103 2523 278 2622 {similini}
289 2543 297 2568 .·
315 2525 354 2569 the
371 2524 474 2580 genitive
491 2524 516 2568 in
534 2523 579 2568 this
592 2525 653 2569 form
665 2523 690 2569 ls
702 2524 777 2570 found
795 2525 821 2570 in
838 2528 906 2572 MSS.
919 2528 947 2572 ot'

126 2589 152 2620 es
174 2590 205 2621 au
232 2590 266 2620 ori
294 2609 300 2622 .

94 2589 204 2685 gl'ltlodo.
239 2590 351 2675 Hebman
376 2631 424 2675 and
445 2630 501 2675 both
524 2631 563 2675 the
586 2630 731 2684 Heusingers
751 2632 830 2676 would
852 2633 950 2678 exaltate

69 2683 145 2728 modo.
178 2685 200 2727 lt
221 2696 328 2738 appears,
350 2684 465 2737 however,
485 2696 610 2737 necessary
628 2687 652 2727 to
672 2685 789 2739 complete
811 2686 850 2729 the
873 2698 950 2731 sense.

70 2736 148 2780 These
160 2735 238 2780 dutics
250 2749 288 2780 are
299 2736 437 2782 incumbent
448 2741 490 2781 not
503 2749 534 2780 on
546 2737 584 2781 the
598 2737 654 2781 wisc
666 2738 749 2781 alone:
768 2738 822 2792 they
837 2739 911 2793 apply
926 2743 950 2783 to

69 2787 108 2833 the
118 2788 195 2833 whole
207 2789 297 2834 human
308 2802 368 2834 mee.

103 2842 226 2893 sslndrtes.
259 2845 280 2888 Α
294 2842 568 2898 depositaetaleae.
602 2843 662 2886 Cum
677 2843 722 2886 hac
740 2842 820 2887 indole
836 2843 949 2889 virtutun

69 2895 225 2940 aevitiomm.
259 2896 404 2942 Liv.xxi.4.
592 2936 595 2943 .

102 2947 118 3001 ξ
130 2948 280 2993 socratesne.
313 2950 336 2994 J.
346 2951 381 2994 M.
395 2949 487 2992 Heusiu
505 2961 529 2992 er
541 2948 620 2992 thinks
630 2948 768 2994 Arisiidasue
781 2960 812 2991 an
824 2949 949 3003 interpola·

69 3001 127 3046 tion.
144 3053 148 3064 Ι
161 3002 292 3098 ξιῖεκνεταί
303 3004 372 3047 MSS.
383 3001 412 3045 he
424 2961 591 3057 fountljustua
599 3002 762 3052 nominatio,-
774 3002 822 3044 and
833 3004 948 3056 latuimus

103 3064 232 3161 fpssllptem.
267 3107 318 3151 The
330 3119 400 3152 seven
413 3120 480 3162 sagea
491 3107 519 3150 os
527 3108 614 3151 Graece
625 3119 687 3150 were
697 3106 804 3159 Pittacus,
815 3108 948 3162 Periander,

68 3159 165 3212 Thales,
178 3160 258 3213 Solon,
271 3161 568 3213 chiton,cleoou1ns,ann
587 3160 648 3204 Bias.
681 3164 718 3204 On
736 3165 838 3204 account
849 3161 876 3204 of
889 3161 948 3206 their

69 3216 182 3256 constant
199 3212 344 3258 observation
363 3214 391 3257 of
403 3213 443 3256 the
464 3212 550 3257 mtntte
568 3213 651 3265 dictim,
672 3213 728 3267 they
741 3213 786 3256 had
804 3214 902 3265 arrived,
922 3227 948 3258 as

69 3266 152 3310 Cicero
161 3278 187 3308 aa
205 3279 223 3319 s,
236 3271 259 3310 to
271 3280 335 3311 sorne
348 3266 507 3311 resemblance
519 3266 547 3308 of
555 3266 604 3309 that
614 3266 672 3309 ideal
684 3266 884 3310 characterwhich
892 3279 948 3310 con·

69 3318 164 3380 stitutes
174 3278 213 3362 tle
225 3320 282 3382 wisc
294 3320 425 3373 man-qui
437 3324 528 3381 septem
539 3320 696 3373 appellantur,
708 3331 756 3370 eos,
764 3319 805 3373 qui
818 3320 863 3364 ista
873 3320 948 3365 subti-

70 3373 117 3417 ltus
144 3376 244 3423 uerunt,
256 3385 282 3417 rn
293 3384 393 3416 numero
404 3376 548 3426 sapientium
560 3384 608 3415 non
622 3372 715 3416 habent
750 3374 803 3416 Lat.
816 3375 837 3417 2.

104 3383 253 3479 abretuna
264 3425 445 3482 repugnantia.-
461 3425 518 3468 with
528 3425 566 3468 the
578 3425 656 3480 utitity
666 3430 802 3481 repugnant
814 3431 837 3470 to
848 3426 874 3472 it.
