2054 3946
85 211 125 265 75
404 204 452 249 uu
476 204 652 249 ourrcrrs.

86 324 170 385 atque
186 313 265 369 sorte.
309 312 366 369 Sed
377 313 501 370 maxima
515 313 558 369 vie
573 313 668 370 decori
682 312 774 370 iubae
789 312 866 369 inest
878 322 962 387 parte,

87 392 120 448 de
146 411 202 463 qua
225 393 430 469 disputamus!
472 392 576 465 Neque
599 394 676 449 enim
704 391 798 448 solum
827 392 963 467 eorporis,

86 472 135 543 qui
150 473 184 528 ad
200 483 326 528 naturam
341 472 398 547 apti
413 483 488 534 sunt,
504 472 553 528 sed
568 473 657 528 multo
671 472 756 527 etiam
773 471 865 546 magis
881 471 962 527 animi

87 562 181 607 motus
206 551 353 628 probandi,
377 552 425 623 qui
447 552 515 608 item
542 551 577 608 ad
605 563 733 608 naturam
761 548 962 607 accommodati

87 643 164 687 aunt.

125 710 242 784 Duplex
263 721 306 765 est
327 710 403 765 euim
425 710 467 765 vis
489 710 647 767 animorum
669 719 753 782 atque
773 718 892 767 naturae
912 728 964 767 unu

86 808 151 864 pars
173 792 202 845 in
224 790 350 864 appetitu
372 789 464 864 posita
485 800 537 855 est,
553 809 616 861 quae
638 802 681 845 est
700 801 753 852 tom
776 789 963 861 Graecaque

86 870 232 925 hominem
261 870 316 924 huc
344 880 373 924 et
399 869 465 925 illue
491 869 582 943 rapit:
605 870 691 926 altera
711 869 741 924 in
762 869 883 935 ratione,
904 887 964 941 quu¹

86 948 170 1005 doeet
189 960 218 1004 et
237 949 380 1023 explanat,
402 947 471 1020 quid
491 947 653 1005 faciendum
674 947 900 1023 fugiendumque
920 948 963 1005 nit.

86 1027 129 1084 lta
142 1029 184 1094 fit,
199 1038 230 1084 ut
244 1029 313 1084 ratio
328 1029 434 1103 praesit,
451 1029 592 1103 appetitus
607 1030 793 1103 obtemperet.

87 1153 176 1211 CAP.
193 1154 305 1211 XXIX.
333 1153 505 1232 Appetitum
526 1154 637 1213 rationi
658 1128 877 1232 aubjicieudum
897 1172 964 1213 etue.

394 1233 440 1290 De
455 1233 523 1291 ludo
539 1241 566 1291 et
579 1232 659 1312 joco.

127 1344 226 1401 Orrurs
241 1355 333 1400 autem
350 1346 420 1402 ratio
435 1363 533 1401 vacare
549 1344 632 1401 debet
653 1346 809 1401 temeritate
830 1354 860 1401 et
879 1345 965 1421 negli-

86 1425 200 1499 gentia:
230 1443 282 1480 neo
305 1442 370 1480 vero
392 1443 474 1499 agere
502 1423 666 1495 quidquam,
688 1425 770 1501 eujus
796 1442 855 1481 nou
878 1424 966 1499 possit

86 1523 200 1560 eausam
220 1504 394 1579 probabilem
418 1502 543 1559 reddere.
587 1503 658 1560 Haeo
678 1515 723 1560 est
742 1504 820 1560 enim
841 1503 902 1561 sere
922 1502 965 1561 de·

86 1584 204 1659 scriptio
222 1583 335 1643 officiii
375 1582 567 1639 Efficiendum
591 1593 683 1639 autem
704 1592 757 1649 est,
774 1594 804 1639 ut
824 1584 964 1659 appetitur

85 1664 187 1720 rationi
208 1663 350 1727 obediant,
366 1680 485 1732 eamque
508 1680 600 1733 neque
620 1673 800 1737 praeeurrant‚
816 1680 870 1720 nee
885 1680 965 1739 prop-

85 1754 127 1799 ter
142 1743 294 1818 pigritiam,
305 1752 352 1798 aut
366 1743 509 1816 ignavima
519 1741 670 1798 deserant:
687 1743 799 1814 sintque
813 1742 964 1815 tranquilli,

86 1830 169 1893 atque
185 1823 263 1878 omui
284 1822 493 1896 perturbatione
508 1822 596 1878 animi
610 1831 732 1878 careant.
774 1821 824 1877 Ex
839 1841 898 1893 quo
910 1822 965 1879 elu-

86 1902 161 1956 cebit
188 1901 281 1956 omnis
309 1900 475 1966 constantia,
502 1902 652 1972 omnisque
680 1899 846 1957 moderatio.
891 1902 964 1958 Nam

85 1980 136 2051 qui
160 1980 301 2054 appetitus
327 1980 440 2054 lougius
464 1991 627 2055 evagantur,
649 1989 678 2037 et
705 1991 848 2052 tamquam
873 1980 964 2037 exaul-

84 2070 175 2114 lantes
197 2059 251 2114 sivi
273 2059 422 2134 cupiendo,
437 2060 491 2115 sivi
506 2060 651 2134 fugiendo,
668 2078 724 2115 non
744 2060 813 2115 satis
829 2060 965 2117 aratione

72 2138 250 2204 retinentur,
272 2138 292 2194 ii
313 2138 375 2194 sine
397 2138 484 2195 dubio
510 2139 597 2195 finem
618 2150 647 2195 et
667 2137 783 2195 modum
810 2149 964 2196 transeunt.

86 2217 262 2288 Relinquunt
281 2219 356 2274 enim
378 2228 406 2273 et
426 2218 562 2294 abjiciunt
582 2217 782 2283 obedientiam,
798 2236 852 2274 neo
866 2219 966 2277 rationi

85 2308 194 2371 parent,
210 2298 255 2353 eui
279 2309 345 2353 sunt
369 2298 490 2372 subjecti
511 2298 574 2373 lege
595 2310 718 2354 naturae:
742 2317 758 2352 a
781 2298 886 2368 quibus
909 2316 966 2355 uon

84 2375 170 2433 modo
192 2377 280 2432 animi
303 2378 507 2452 perturbantur,
528 2376 578 2433 sed
601 2377 686 2433 etiam
715 2395 844 2451 corpora.
887 2376 967 2435 Licet

84 2475 134 2512 ora
154 2456 216 2530 ipsa
237 2475 352 2512 eernere
373 2457 517 2522 iratorum,
533 2467 581 2513 aut
600 2475 708 2517 eorum.
724 2457 773 2526 qui
788 2465 836 2511 aut
851 2456 967 2514 libidine

84 2536 187 2608 aliqua,
211 2546 258 2592 aut
279 2546 354 2591 motu
379 2537 515 2592 eornmoti
542 2546 616 2603 sunt,
639 2546 686 2592 aut
711 2535 855 2610 voluptate
881 2536 968 2593 nimia

84 2617 226 2690 gestiunt:
250 2634 370 2687 qnorum
392 2617 519 2672 omnium
541 2617 644 2683 vultus,
669 2633 763 2682 rocoa,
785 2627 893 2682 motus,
915 2626 968 2672 sta·

84 2706 187 2766 tusque
203 2707 355 2752 mutantur.

123 2775 172 2832 Ex
186 2777 289 2847 quibus
312 2773 382 2830 illud
396 2774 563 2850 intelligitur
578 2772 620 2853 (nt
634 2773 669 2829 ad
683 2773 771 2830 offleii
786 2772 908 2831 formam
927 2792 967 2831 ro·

118 2905 130 2930 *
148 2900 176 2942 Iu
189 2899 421 2953 bne-dtrprrtnmur
430 2915 439 2940 .·
457 2898 481 2942 in
500 2898 539 2942 tho
552 2897 643 2953 subject
654 2896 733 2941 which
744 2909 780 2940 wo
793 2908 834 2940 are
845 2908 904 2941 now
915 2908 959 2942 oon

83 2951 199 3008 sidering:
219 2953 233 2997 i.
243 2966 263 2995 e.
275 2957 433 3006 temporanee.

394 3038 545 3081 CHAPTER
562 3037 653 3082 XXIX.

116 3105 227 3160 †0ffirii.
261 3106 338 3149 These
357 3111 404 3149 two
424 3110 547 3149 uuntenres
565 3106 690 3150 Facciolati
708 3104 830 3148 considers
849 3118 877 3149 as
896 3106 960 3151 intro

72 3157 153 3200 duoed
164 3159 197 3220 by
208 3171 276 3203 some
294 3160 456 3216 interpolat-rr,
474 3160 522 3202 and
541 3160 613 3204 made
629 3172 665 3214 up
678 3159 742 3202 trum
756 3159 786 3220 de
805 3159 860 3204 uin.
879 3159 914 3205 iii.
936 3161 959 3205 tt

61 3210 114 3252 For
122 3212 198 3266 ναίω,
210 3225 290 3270 many
301 3215 394 3261 editors
407 3216 469 3261 hare
482 3214 562 3261 nolu:
580 3214 613 3258 lor
625 3213 709 3270 poerit,
717 3224 804 3266 potata.
