2054 3946
315 500 421 548 erar.
454 500 700 546 ulexxxiii.
901 507 942 562 93

55 621 153 671 tentos
177 610 290 668 animos
313 608 349 667 ad
364 609 475 667 decoris
497 610 743 668 conservationem
771 611 941 671 tenebimur.

57 693 159 751 Mones
185 699 278 748 autern
305 690 463 747 animorum
486 689 617 765 duplices
637 701 716 757 sunt,
734 692 816 747 alteri
837 691 942 767 cogita·

57 772 156 837 tionis,
172 769 253 827 alteri
274 769 427 845 appetitus.
468 768 616 845 Cogitatio
633 770 662 826 iu
677 788 744 827 vero
766 770 943 842 exquirendo

58 851 185 908 maxime
210 862 354 905 versatur:
389 848 531 924 appetitus
565 848 687 925 impellit
721 848 755 905 ad
790 849 942 926 agendum.

59 927 227 989 Curandum
247 936 293 984 est
312 928 406 1004 igitur,
422 938 453 984 ut
471 927 642 1004 cogitatione
664 927 700 984 ad
718 947 764 984 res
785 947 870 1000 quam
892 949 944 1004 op·

59 1010 142 1067 fimas
168 1017 291 1074 utamur,
310 1008 467 1083 appetitum
492 1007 596 1066 rationi
619 1007 798 1064 obedientem
821 1010 944 1084 praebea·

61 1107 134 1147 mus.

62 1215 151 1276 cte.
174 1214 331 1275 XXXVII.
352 1212 399 1308 lle
417 1213 806 1307 reconvenientem
826 1215 859 1273 in
879 1233 944 1274 con·

295 1302 422 1351 tentione
435 1302 500 1352 lum
515 1313 548 1351 tn
562 1311 703 1351 sermone.

99 1404 149 1463 Er
168 1405 305 1477 quoniam
326 1423 429 1480 magna
441 1405 484 1461 vie
498 1405 635 1462 orationis
650 1414 703 1471 est,
718 1424 808 1478 eaque
823 1406 942 1482 duplex,

60 1485 149 1541 altera
162 1484 366 1550 contentionis,
380 1484 469 1540 altera
482 1485 624 1540 sermonis
633 1487 660 1540 ε’*
674 1487 818 1543 contentio
833 1485 944 1562 dieoep·

59 1565 217 1622 talionibus
240 1563 376 1620 tribuatur
398 1563 584 1639 judiciorum,
605 1565 788 1631 concionum,
808 1575 943 1633 senatus;

57 1662 157 1700 sermo
179 1643 211 1700 in
229 1642 355 1708 circulis,
368 1642 618 1718 disputationibus,
632 1645 884 1719 congressionibus
906 1645 945 1701 fa·

58 1723 217 1781 miliarium
232 1731 367 1787 versetur,
383 1733 516 1793 sequatur
536 1723 621 1779 etiam
634 1724 776 1779 convivia.
819 1723 944 1781 Conten-

58 1802 148 1859 tionis
163 1810 306 1878 praecepta
319 1801 463 1858 rhetorum
477 1812 560 1867 sunt;
581 1801 659 1858 nulla
673 1802 829 1859 sermonis:
846 1822 945 1875 qnam·

60 1900 150 1954 quarn
174 1879 249 1937 haud
271 1881 343 1946 seio,
358 1899 394 1936 an
416 1881 528 1954 possint
549 1881 610 1937 haec
634 1901 749 1953 qnoque
769 1900 844 1938 esse.
887 1882 945 1939 Sed

58 1961 234 2018 discentium
255 1959 357 2016 studiis
378 1960 560 2017 inveniuntur
579 1961 707 2036 magistri
718 1961 741 2022 :l
762 1961 828 2018 huic
851 1972 944 2018 autem

60 2042 111 2112 qni
125 2039 269 2105 studeant,
278 2050 345 2096 sunt
359 2039 448 2107 nnlli3
470 2041 613 2096 rhetorum
630 2041 710 2096 turba
723 2041 825 2098 referta
837 2043 943 2098 omnia.

59 2121 254 2192 Quamquam,
271 2138 333 2190 qnae
352 2119 501 2176 verborum
522 2121 783 2192 sententiarumque
804 2134 945 2198 precepta

59 2210 138 2266 sunt,
154 2197 253 2255 eadem
268 2198 303 2255 ad
317 2216 480 2255 sermonem
496 2200 685 2274 pertinebunt.

100 2277 160 2336 Sed
172 2297 236 2335 cnm
249 2278 386 2335 orationis
398 2278 522 2334 indicem
533 2297 632 2335 vocem
647 2279 817 2344 habeamns3
833 2280 862 2336 in
874 2299 944 2337 voce

60 2368 155 2416 autern
171 2357 228 2414 duo
242 2374 405 2430 sequamur,
420 2368 452 2414 nt
465 2359 541 2431 clara
552 2358 600 2425 sit,
616 2369 647 2414 nt
660 2360 775 2416 suavis:
796 2370 944 2432 utrumque

61 2438 181 2495 omnino
200 2457 219 2493 a
238 2449 337 2495 natura
357 2437 510 2511 petendum
523 2449 583 2493 est:
606 2457 703 2495 verum
727 2439 845 2496 alterum
864 2459 945 2496 exer·

61 2517 157 2574 citatio
185 2518 309 2592 augebit,
332 2517 451 2572 alterum
481 2517 600 2573 imitatio
626 2522 740 2592 preseess
767 2519 945 2590 loquentium

61 2608 90 2652 et
101 2597 215 2653 leniter.
258 2596 340 2653 Nihil
355 2595 408 2652 t'uit
428 2598 458 2652 in
478 2595 600 2662 Catulis,
617 2607 647 2653 ut
667 2616 717 2653 cos
738 2599 882 2669 exquisito
899 2599 945 2674 ju·

61 2675 137 2733 dicio
166 2686 281 2750 putares
308 2676 348 2731 nti
377 2676 542 2731 literarum:
573 2674 756 2749 (quamquem
781 2687 860 2733 crant
885 2678 946 2733 lite·

63 2756 124 2822 rati,
146 2755 202 2811 sed
222 2765 251 2811 et
272 2753 333 2833 alii)
355 2755 502 2811 hiantem
524 2755 633 2830 optime
656 2757 701 2812 uti
720 2756 818 2832 lingna
845 2756 946 2812 Latina

359 2945 510 2990 crimen
528 2946 655 2991 XXXVII.

94 3046 206 3090 *Altera
221 3045 344 3089 sermonis.
378 3044 431 3089 The
446 3045 532 3088 talenta
551 3046 586 3090 for
606 3047 689 3100 public
709 3045 824 3099 speaking
847 3044 947 3098 (omen-

61 3099 144 3153 tumie)
159 3110 198 3141 are
210 3098 296 3152 widely
308 3098 417 3141 different
427 3099 486 3142 from
498 3099 565 3143 those
577 3099 653 3144 which
662 3099 746 3143 enable
755 3111 770 3141 a
781 3110 837 3141 man
846 3102 869 3141 to
879 3098 946 3141 excel

60 3152 86 3196 in
98 3151 263 3197 conversation
270 3170 280 3201 ,·
298 3150 420 3196 ceromate.

92 3206 109 3260 †
119 3203 284 3248 Inveniuntur
294 3204 411 3257 eremitat.
445 3206 520 3249 Were'
527 3205 590 3249 there
602 3217 701 3260 persons
710 3204 817 3248 desiroue
828 3203 856 3246 os
862 3204 949 3247 receiv-

61 3258 102 3309 ing
114 3257 180 3353 {nelias
187 3256 308 3353 h⁰‘endb¹⁰
318 3257 383 3301 them
396 3263 419 3301 to
431 3259 497 3302 excel
510 3259 535 3302 in
544 3259 715 3312 conversation,
724 3259 860 3301 instructore
867 3257 947 3302 would

61 3315 104 3355 not
173 3324 186 3352 c
205 3322 275 3353 cren.

94 3364 214 3414 ssPreose.
247 3365 297 3406 One
312 3365 363 3407 MS.
381 3363 424 3406 has
441 3375 558 3419 expresse.
591 3367 627 3409 On
645 3379 660 3409 a
675 3364 823 3419 comperison
835 3363 891 3407 with
908 3364 947 3410 the

61 3417 185 3470 following
198 3428 317 3469 passages,
326 3417 345 3459 it
355 3417 375 3460 is
386 3417 506 3473 evidently
516 3423 558 3461 not
568 3419 607 3461 the
623 3418 735 3472 meaning
747 3419 775 3461 of
789 3417 834 3461 this
845 3420 910 3469 term,
923 3423 947 3461 to

62 3468 216 3513 recommend
237 3469 336 3530 rupidity
349 3470 377 3512 ol
391 3475 519 3524 utterenee,
536 3471 578 3515 lint
594 3471 760 3527 distiumness,
779 3471 817 3517 the
837 3471 883 3516 dne
897 3472 947 3515 end

59 3523 183 3567 articulate
192 3533 363 3578 pronomrcrng
371 3523 400 3567 of
406 3523 465 3569 caeli
475 3524 563 3570 sunnd.
