2054 3946
405 490 560 537 cantra
578 491 627 536 rr.
890 495 946 550 241

63 600 187 665 pollicear)
200 598 290 658 seceris,
302 599 330 659 si,
341 599 456 664 quoniam
473 616 594 664 speramus
615 598 738 662 (volumus
755 598 850 661 quidem
872 602 947 666 certe)

63 684 134 717 senes
145 668 204 726 lieri,
216 676 271 716 ante
282 669 358 716 multo
369 684 384 715 a
395 674 418 715 to
430 668 589 725 didicerimus,
600 667 686 729 quibus
698 667 808 715 facillime
817 667 949 715 rationibus

55 735 268 797 'ingravescentem
279 743 371 782 aetatem
382 735 441 782 serre
448 735 573 798 possimus.
604 734 674 784 Calo.
696 734 792 781 Faciam
804 750 866 791 vero,
876 733 949 792 Leli3

63 802 193 864 presertim
204 802 226 850 si
233 803 326 864 utrique
335 802 441 850 vestrum
450 802 489 864 (ut
498 801 568 866 dicis)
581 810 673 862 gratum
683 799 789 848 futurum
799 808 841 850 est
860 801 949 866 Scipio.

63 868 185 918 Volumus
202 884 267 927 sane,
278 868 325 917 nisi
341 870 468 917 molestum
485 877 528 925 cst,
541 867 609 926 Cato,
627 876 747 929 tamquam
765 868 868 930 aliquam
885 868 949 917 viam

64 936 160 997 longam
172 935 308 994 confeceris,
316 951 388 998 quam
399 936 468 984 nobis
478 951 573 998 quoque
584 935 764 996 ingrediendum
776 935 813 993 sit,
825 936 893 993 istuc,
901 950 949 999 quo

64 1003 199 1067 pervenisti,
211 1003 297 1061 videre,
309 1005 379 1065 quale
390 1003 428 1052 sit.

96 1134 140 1183 111.
162 1134 231 1185 Calo.
264 1135 370 1193 Faciam,
382 1144 409 1184 ut
425 1143 513 1198 potero,
525 1134 591 1183 Lali.
624 1135 693 1198 Saepe
704 1136 769 1184 enirn
785 1135 882 1185 interfui
893 1153 950 1199 que·

63 1203 119 1251 telis
130 1217 238 1250 meorum
249 1203 383 1264 equalium,
398 1202 479 1265 (paros
491 1210 571 1250 autem
588 1219 644 1250 cum
661 1203 762 1266 paribus,
774 1204 846 1251 veteri
858 1220 950 1267 prover·

64 1269 110 1327 bio,
122 1268 232 1317 facillime
252 1274 438 1336 congregantur)
460 1287 513 1333 que
532 1268 562 1318 C.
575 1269 700 1326 Salinator,
712 1285 764 1332 que
784 1271 826 1332 Sp.
838 1271 949 1331 Albinus,

64 1335 174 1384 homines
190 1338 333 1394 consulares,
345 1336 419 1385 nostri
436 1337 483 1385 scre
500 1337 608 1399 equales,
620 1336 740 1399 deplorare
759 1339 879 1395 solebant3
897 1347 949 1387 turn

64 1402 128 1465 quod
146 1403 306 1466 voluptatibus
323 1411 436 1459 carerent,
448 1404 500 1452 sine
517 1402 603 1465 quibus
621 1403 694 1452 vitam
711 1405 803 1451 nullam
824 1413 948 1466 putarent;

64 1478 116 1518 tum
128 1471 192 1532 quod
203 1479 370 1533 spernerentur
381 1472 410 1518 ab
421 1469 457 1529 iis,
469 1487 483 1518 a
495 1470 581 1532 quibus
592 1478 671 1519 essent
682 1470 727 1519 coli
739 1471 817 1518 soliti:
836 1470 877 1532 qai
890 1471 948 1520 rnihi

64 1552 114 1585 non
126 1537 151 1585 id
162 1538 301 1586 videbantur
317 1553 436 1594 accusare,
448 1538 510 1599 quod
527 1546 588 1586 asset
605 1539 773 1586 accusandum,
807 1537 833 1585 N
834 1554 880 1595 arn,
892 1538 912 1586 si
924 1539 948 1587 irl

64 1605 135 1667 culpa
151 1603 280 1653 senectutis
297 1604 419 1662 accideret,
431 1604 514 1652 eadem
531 1603 590 1652 rnihi
603 1620 648 1653 usu
666 1604 794 1661 evenirent,
806 1604 949 1667 reliquisque

63 1671 175 1720 omnibus
192 1670 320 1735 majoribus
337 1678 410 1719 natu:
429 1686 531 1733 quorum
548 1686 592 1731 ego
609 1673 738 1719 multorum
755 1672 856 1731 cognovi
868 1688 948 1720 senec-

63 1745 138 1787 tutem
150 1738 203 1786 sine
214 1739 323 1800 querela,
341 1738 382 1800 qui
394 1754 419 1786 se
431 1745 455 1786 et
467 1737 592 1785 libidinum
603 1737 705 1785 vinculis
722 1739 813 1785 laxatos
830 1755 881 1786 esse
898 1754 948 1787 non

62 1805 161 1853 moleste
173 1806 267 1862 ferrent,
279 1820 323 1853 nec
333 1821 347 1852 a
357 1806 408 1853 suis
419 1805 602 1867 despicerentur.
636 1804 684 1852 Sed
695 1803 803 1852 omnium
815 1804 948 1854 istiusmodi

62 1873 212 1934 querelarum
223 1872 249 1920 in
263 1872 367 1920 moribus
384 1879 420 1921 est
439 1873 518 1934 culpa,
529 1886 578 1919 non
596 1871 621 1918 in
637 1879 711 1919 etate.
746 1871 862 1919 Moderati
875 1872 948 1931 enirn,

61 1945 86 1986 et
97 1954 143 1986 nee
154 1939 261 1987 difficiles
273 1954 317 1987 nec
329 1939 455 1987 inhumani
465 1954 541 1996 senes,
549 1938 693 1987 tolerabilem
702 1946 777 1998 agunt
788 1947 947 1987 senectutem:

61 2004 229 2068 importunitas
240 2014 327 2063 autem,
340 2015 364 2054 et
374 2005 538 2054 inhumanitas
550 2005 616 2052 omni
628 2004 690 2052 retati
704 2005 801 2052 molesta
813 2014 855 2054 est.

96 2070 199 2121 Laelius.
216 2073 269 2130 Est,
281 2080 308 2120 ut
318 2073 384 2130 dicis,
397 2072 466 2120 Cato.
500 2071 547 2120 Sed
559 2071 655 2120 sortasse
666 2071 752 2120 dixerit
763 2073 888 2135 quispiam,
898 2073 948 2132 tibi,

60 2146 156 2202 propter
165 2155 221 2202 opes
230 2147 254 2188 et
262 2139 342 2202 copias
351 2147 375 2187 et
386 2138 525 2201 dignitatem
533 2148 606 2205 tuam,
614 2139 792 2187 tolerabiliorem
801 2147 947 2190 senectutem

61 2204 151 2264 villeri,
168 2205 191 2255 id
204 2214 284 2254 autem
296 2222 344 2255 non
356 2223 425 2269 posse
442 2205 523 2255 multis
540 2205 684 2266 contingere.
721 2206 789 2255 Cato.
823 2206 869 2254 Est
885 2207 948 2256 istuc

60 2272 165 2335 quidem,
183 2272 249 2332 Lali,
267 2272 367 2334 aliquid3
385 2273 426 2322 sed
446 2289 597 2335 nequaquam
617 2273 642 2321 in
663 2273 708 2321 isto
728 2281 784 2321 sunt
805 2274 902 2322 omnia:
920 2282 947 2323 ut

60 2338 235 2389 Themistocles
252 2340 325 2388 fertur
342 2340 452 2403 Seriphio
472 2340 566 2388 cuidam
583 2339 609 2387 in
626 2340 706 2403 jurgio
723 2341 878 2403 respondisse,
891 2357 947 2390 cum

50 2405 100 2455 'llle
112 2407 217 2464 dixisset,
226 2423 275 2455 non
287 2423 343 2455 eurn
355 2423 405 2464 sua,
415 2407 456 2455 sed
467 2406 547 2469 patriae
559 2406 631 2467 gloria
641 2407 789 2470 splendorem
798 2415 946 2458 assecutum:

60 2480 76 2503 “
84 2474 147 2532 Nec,
159 2473 277 2533 hercule,”
290 2473 376 2535 inquit,
389 2473 431 2522 “si
442 2489 487 2534 ego
499 2473 624 2536 Seriphius
641 2490 725 2533 msam,
737 2474 838 2533 nobilis;
855 2492 900 2525 nec
911 2484 946 2535 tu,

60 2540 80 2588 si
91 2540 249 2590 Atheniensis
260 2556 329 2598 esses,
341 2542 418 2589 clarus
429 2556 537 2603 unquam
553 2540 662 2589 luisses.''
697 2541 769 2600 Quod
780 2543 863 2590 eodem
875 2544 946 2592 modo

59 2607 89 2656 de
100 2616 224 2656 senectute
235 2615 312 2671 potest
328 2607 382 2656 dici.
416 2607 504 2668 Neque
515 2607 580 2656 enirn
591 2608 617 2655 in
629 2623 723 2656 summa
733 2608 815 2670 inopia
826 2609 884 2658 levis
895 2626 947 2658 esse

60 2683 171 2723 senectus
183 2682 267 2736 potest,
276 2690 306 2721 ne
314 2673 415 2737 sapienti
426 2674 534 2736 quidem:
546 2691 592 2723 nec
602 2675 731 2738 insipienti,
738 2675 810 2723 etiam
817 2675 842 2722 in
852 2692 946 2725 summa

59 2741 136 2805 eopia,
148 2757 198 2790 non
215 2741 300 2802 gravis.
333 2740 466 2803 Aptissima
481 2742 580 2790 omnino
596 2750 659 2799 sunt,
671 2741 752 2805 Scipio
763 2750 788 2789 et
804 2741 869 2799 Leti,
881 2759 946 2791 erma

59 2809 198 2866 senectutis,
210 2816 278 2865 artes,
296 2807 521 2871 exercitationesque
539 2809 659 2865 virtutum,
675 2824 735 2870 quaa,
752 2808 778 2856 in
797 2809 862 2856 omni
878 2817 946 2858 aetatc

59 2877 137 2933 cultae,
149 2892 205 2924 curn
216 2877 318 2924 multum
330 2875 419 2938 diuque
430 2875 525 2932 vixeris,
536 2875 648 2923 mirificos
659 2873 760 2923 efferant
771 2875 875 2933 sructus;
896 2892 946 2925 non

58 2944 140 2991 solum
157 2942 214 3005 quia
233 2958 359 3005 nunquam
378 2942 497 3000 deserunt,
509 2959 539 2991 ne
559 2942 585 2990 in
602 2950 708 2990 extremo
724 2941 820 3003 quidem
841 2950 947 3006 ternpore

58 3008 142 3069 attath,
154 3008 311 3072 (quamquam
322 3009 346 3058 id
357 3009 489 3058 maximum
501 3013 548 3074 ost)
559 3025 639 3057 verum
651 3008 722 3056 etiam
733 3008 790 3071 quia
800 3011 946 3060 conscicntia

58 3077 121 3139 beno
136 3084 192 3125 acta
211 3077 271 3135 vite,
283 3077 460 3139 multorumque
478 3077 654 3125 bencfactorum
671 3075 807 3134 recordatio,
821 3078 946 3141 jucundis·

58 3142 176 3193 rimam

92 3277 138 3327 IV.
156 3277 211 3339 Ego
223 3278 255 3337 Q.
266 3276 403 3325 Maximum
418 3275 486 3339 (eum
497 3277 538 3339 qui
550 3276 682 3324 Tarentum
694 3275 794 3343 recepit)
808 3277 945 3327 adolescens

59 3344 94 3395 ita
103 3344 179 3394 dilexi
190 3361 279 3402 senem,
291 3352 319 3392 ut
329 3344 456 3405 equalem:
475 3352 524 3392 erat
541 3344 605 3392 enim
617 3343 642 3391 in
655 3342 695 3391 illo
707 3343 757 3391 viro
768 3344 877 3393 comitate
888 3361 946 3392 con-

59 3412 109 3463 dita
128 3411 246 3474 gravitas:
266 3427 311 3459 nec
329 3419 439 3459 senectus
457 3427 534 3459 mores
553 3418 699 3458 mutaverat:
722 3427 868 3474 quamquam
887 3428 944 3461 eum

59 3480 136 3531 r‘olere
155 3479 216 3543 caepi
236 3494 286 3527 non
303 3477 431 3527 admodum
448 3478 561 3540 grandem
578 3485 646 3538 natu,
657 3478 699 3526 sed
714 3486 796 3528 tamen
813 3480 865 3543 'qam
877 3486 950 3527 atate

484 3552 525 3607 21
