2054 3946
364 492 432 540 ιιι.
450 492 505 538 ιιι.
539 492 618 538 cnr.
634 493 664 537 v.
899 500 954 555 173

68 603 94 661 si
116 621 273 675 sequemur
293 601 322 660 in
343 604 554 678 comparatione
583 621 688 669 rerum,
710 601 745 658 ab
766 601 862 659 officio
883 623 955 661 nun·

70 702 159 756 quam
175 681 353 739 recedemus.

112 762 178 819 Erit
194 772 287 818 sutem
309 761 370 818 haec
385 760 505 818 formula
526 761 688 818 Stoicorum
707 760 808 817 rationi
830 760 943 837 discipli

72 859 174 913 neque
195 840 320 898 maxime
341 852 549 898 consentanea:
572 858 657 912 qnam
673 838 789 911 quidem
810 840 854 896 his
876 842 954 897 libris

73 930 224 997 propterea
244 919 400 990 sequimur,
423 920 509 991 quod,
532 937 703 991 quamquam
728 930 756 974 et
777 937 793 975 a
814 922 953 977 veteribus

74 999 264 1064 Academicis,
286 1010 314 1055 et
333 1019 350 1055 a
375 999 573 1074 Peripateticis
594 1001 713 1054 vestris*
741 999 791 1068 qui
812 999 955 1070 quondam

72 1079 159 1137 iidem
181 1088 270 1145 erant,
286 1097 348 1150 quae
368 1079 487 1135 honesta
508 1090 583 1145 sunt,
607 1087 815 1152 anteponuntur
837 1080 870 1134 iis
893 1098 955 1151 quae

73 1158 206 1216 videntur
224 1158 323 1224 utilia;
350 1167 443 1214 tamen
464 1157 641 1234 splendidius
663 1157 724 1212 hoec
745 1157 779 1212 ab
800 1158 842 1212 eis
868 1158 956 1214 disse·

31 1280 36 1289 .
72 1249 183 1301 runtur,
199 1238 312 1305 quibus,
335 1235 474 1308 quidquid
495 1237 645 1294 honestum
667 1245 720 1301 est,
736 1236 810 1292 idem
834 1238 901 1293 utile
916 1238 957 1294 vi·

39 1364 42 1369 .
73 1313 166 1379 detur,
182 1331 235 1370 nec
249 1312 317 1368 utile
332 1315 488 1383 quidquam
503 1316 580 1384 quod
600 1335 657 1373 non
678 1315 848 1382 honestum;
871 1337 956 1389 quam

73 1393 170 1458 abiis,
187 1392 289 1463 quibus
304 1391 456 1448 honestum
471 1392 578 1464 aliquid
594 1411 649 1448 nou
665 1395 743 1457 utile,
757 1405 804 1448 aut
819 1398 886 1451 utile
899 1415 956 1452 non

73 1471 237 1529 honestum.
280 1471 373 1527 Nobis
402 1482 496 1528 autem
523 1481 618 1528 nostra
642 1471 798 1528 Academia
826 1494 955 1550 magnam

72 1551 220 1609 licentiam
235 1549 291 1616 dat,
306 1561 337 1606 ut
351 1551 540 1622 quodcunque
555 1552 679 1607 maxime
701 1552 845 1626 probabile
861 1574 956 1610 occur·

72 1639 127 1699 rat,
149 1629 178 1687 id
204 1640 301 1687 nostro
322 1629 386 1706 jure
415 1630 511 1691 licead
532 1630 693 1688 defendere.
736 1628 795 1685 Sed
815 1632 900 1689 redeo
921 1632 956 1689 ad

72 1710 238 1769 termulam.

72 1819 166 1879 GAP.
191 1820 229 1879 V.
286 1819 453 1887 Hominem,
481 1827 598 1878 naturae
625 1821 813 1888 obedientem,
842 1820 957 1879 homiui

374 1917 475 1956 nocere
489 1918 548 1957 non
558 1919 656 1977 posse.

113 1994 305 2051 Dexamenum
327 1995 412 2069 igitur
427 1994 567 2072 [aliquid]
591 1997 680 2063 alteri,
697 2007 725 2052 et
745 1997 891 2052 hominem
907 1995 957 2053 ho-

72 2074 162 2131 minis
178 2073 360 2130 incommodo
383 2093 465 2130 suum
482 2094 583 2150 augere
598 2076 791 2141 commodum,
808 2077 897 2151 magis
913 2088 957 2132 est

73 2164 174 2210 eontra
199 2164 336 2218 naturam,
359 2172 443 2224 quam
466 2173 551 2219 mors,
577 2174 662 2225 quam
687 2166 846 2231 paupertas,
871 2174 955 2226 quam

74 2232 168 2299 dolor,
184 2251 268 2303 quam
284 2244 385 2299 cetera,
409 2252 471 2304 quae
487 2246 607 2308 possunt
621 2246 669 2290 aut
689 2236 800 2310 corpori
817 2235 955 2300 accidere,

75 2323 124 2369 aut
142 2313 227 2368 rebus
252 2313 387 2368 externis.
432 2312 506 2368 Nam
533 2314 672 2388 principio
698 2316 770 2371 tollit
795 2317 956 2371 convictum

75 2391 234 2447 humanum
248 2401 276 2446 et
299 2392 473 2448 societatem.
516 2392 548 2448 Si
570 2393 646 2449 enim
669 2394 710 2450 sic
731 2395 836 2450 erimus
851 2394 955 2458 allecti,

75 2482 108 2526 ut
132 2481 248 2546 propter
271 2489 354 2550 suum
377 2471 498 2542 quisque
524 2473 747 2529 emolumentum
769 2474 883 2548 spoliet,
910 2485 958 2530 aut

76 2549 166 2606 uiolet
180 2551 308 2614 alterum,
325 2549 448 2624 dirumpi
469 2570 587 2608 necesse
603 2563 646 2607 est
665 2571 739 2618 eam,
755 2572 816 2624 quae
834 2553 956 2608 maxime

77 2638 122 2686 est
136 2627 293 2685 secundum
309 2638 446 2695 naturam,
462 2631 579 2687 humani
593 2633 705 2706 generis
722 2635 897 2689 societatem.

116 2709 167 2774 Ut,
183 2709 206 2764 si
223 2727 310 2764 tinum
326 2709 459 2779 quodque
473 2711 632 2766 membrum
653 2730 767 2767 sensum
784 2712 859 2767 hunc
875 2711 957 2766 habe·

77 2799 128 2853 ret,
144 2798 174 2843 ut
186 2805 272 2862 posse
287 2797 397 2862 putaret
411 2807 440 2844 se
457 2788 559 2855 valere,
574 2790 599 2844 si
614 2791 738 2864 proximi
753 2791 870 2846 membri
884 2789 958 2845 vale·

77 2866 221 2940 tudinemss
235 2866 269 2923 ad
287 2885 318 2922 se
334 2867 513 2934 traduxisset,
530 2867 669 2925 debilitari
689 2879 717 2924 et
739 2869 852 2925 interire
867 2879 957 2925 totum

111 2979 124 3006 t
135 2973 295 3028 Peripateticis
313 2974 402 3018 uestris.
436 2976 503 3018 Alter
515 2976 602 3019 Plato’s
614 2975 689 3021 death.
701 2975 738 3017 his
756 2975 835 3019 school
849 2974 958 3019 divided:

77 3028 189 3072 Aristotle
201 3027 295 3070 became
307 3026 345 3070 the
357 3027 416 3070 head
429 3029 456 3070 ot'
469 3028 519 3071 that
530 3029 623 3083 portion
637 3029 665 3071 ot
673 3029 691 3071 it
702 3033 726 3070 to
739 3029 814 3072 which
827 3042 877 3071 was
889 3029 958 3081 given

76 3081 116 3124 the
133 3092 203 3124 name
220 3081 247 3123 of
261 3081 426 3134 Peripatetico:
443 3080 482 3124 the
501 3082 640 3133 remainder‚
656 3082 731 3124 under
749 3083 788 3124 the
809 3082 912 3125 conduct
929 3083 957 3126 of

77 3135 230 3232 {superstes
242 3132 347 3177 retained
360 3133 398 3177 tho
409 3134 525 3178 doctrines
537 3135 564 3178 of
577 3137 648 3188 Plato,
661 3135 709 3178 and
721 3134 760 3178 the
772 3136 916 3190 appellation
929 3136 957 3179 os

100 3199 128 3230 eu
145 3199 224 3230 emrcs.

110 3239 127 3295 †
140 3239 271 3284 Licentinm
284 3239 330 3292 dut,
343 3240 480 3285 stt—liceat.
514 3241 585 3285 Other
596 3241 716 3284 instances
728 3241 756 3284 of
769 3242 815 3283 this
826 3240 957 3284 redundant

76 3293 149 3339 mode
161 3293 186 3336 ol
199 3292 336 3346 expression
355 3305 393 3335 are
412 3293 495 3347 found,
507 3293 522 3337 i.
536 3295 556 3346 3,
568 3293 747 3349 definiunt—ut
758 3294 882 3350 definiant.
894 3294 925 3338 iii.
937 3294 959 3346 8.

77 3345 334 3399 misenatium-qut
345 3346 480 3391 deliberant.

425 3431 574 3476 CHAPTER
592 3433 620 3476 V.

112 3505 124 3552 ὲ
140 3499 315 3547 Valetudinem.
351 3499 399 3546 The
409 3500 573 3616 strcuglpgrpd
582 3513 679 3558 powers.
