2054 3946
108 177 147 232 tt
430 168 480 216 us
496 168 670 217 oratoris.

109 280 212 357 plicata
225 284 320 348 sunt*
336 289 429 336 tamen
439 298 476 337 ex
489 279 610 356 singulis
623 288 699 336 certa
710 277 869 336 officiorum
883 296 989 355 genem

109 371 272 417 nascuntur.
315 360 403 416 Velut
425 378 462 416 ex
482 379 518 416 ea
537 369 625 435 parte,
650 377 713 430 quae
734 359 826 434 prima
846 357 989 434 descripta

109 451 162 506 est,
184 439 214 495 in
235 459 290 510 qua
311 439 480 514 sapientiam
501 448 529 495 et
548 437 727 514 prudentiam
741 439 890 514 ponimus,
913 438 990 495 inest

109 518 251 594 indagatio
279 529 362 590 atque
390 519 517 576 inventio
543 518 623 585 veri3
652 518 771 594 ejusque
793 518 904 574 virtutis
933 518 988 575 hoc

109 617 213 656 munus
229 608 272 654 est
285 598 442 674 proprium.

149 678 190 734 Ut
198 678 275 734 enim
286 677 406 750 quisque
419 678 544 734 maxime
555 677 701 753 perspicit,
712 675 781 749 quid
792 676 822 734 in
833 694 863 732 re
875 694 991 748 quaque

110 757 290 814 verissimum
312 757 358 823 sit,
374 757 480 828 quique
501 757 664 814 acutissime
686 767 714 812 et
733 756 880 812 celerrime
894 765 991 831 potest

110 848 139 893 et
152 835 249 892 videre
270 847 298 892 et
318 837 461 912 explicare
482 836 631 903 rationem,
654 837 679 893 is
700 834 940 912 prudentissimus
961 845 990 892 ct

110 915 338 991 sapientissimus
353 917 405 972 rite
422 915 519 973 heberi
533 916 617 972 solet
660 915 802 981 Quocirca
815 914 891 980 huic,
907 914 990 986 quasi

112 996 238 1062 materia,
254 1013 338 1066 quam
354 1005 462 1062 tractet,
482 1004 512 1051 et
532 994 562 1052 in
583 1013 641 1066 qua
653 1005 790 1063 versetur,
805 994 932 1071 subjecta
946 1004 992 1052 est

111 1075 224 1130 veritas.

151 1153 283 1226 Reliquis
297 1162 390 1211 autem
405 1153 492 1210 tribus
515 1151 698 1232 [virtutibus]
720 1153 905 1210 necessitates
926 1171 992 1228 pro·

113 1233 212 1308 positae
234 1232 355 1289 suntad
375 1251 423 1288 eas
445 1251 491 1288 res
512 1230 650 1308 parandas
673 1232 859 1304 tuendasque,
886 1233 990 1305 quihus

112 1312 185 1369 actio
199 1313 263 1369 vitoe
278 1312 455 1379 continetur3
472 1322 502 1368 ut
516 1320 545 1367 et
556 1311 677 1369 societas
693 1312 840 1369 hominum
856 1313 991 1387 conjunc·

113 1391 209 1464 tioque
236 1401 372 1459 servetur,
402 1401 430 1448 et
450 1392 538 1448 animi
563 1392 733 1448 excellentia
756 1391 990 1467 magnitudoque,

112 1490 177 1528 cum
192 1471 222 1528 in
237 1469 372 1546 augendis
394 1471 507 1546 opibus,
522 1469 746 1542 utilitatibusque
769 1481 799 1528 et
819 1471 874 1527 sibi
888 1480 917 1527 et
930 1472 990 1528 suis

113 1551 321 1627 comparandis,
337 1559 397 1607 tum
418 1551 507 1608 multo
528 1551 619 1626 magis
635 1551 664 1607 in
679 1549 724 1606 his
745 1550 816 1626 ipsis
831 1548 992 1625 despicien-

113 1629 168 1697 dis,
183 1632 302 1687 eluceat.
345 1629 423 1687 Ordo
437 1640 542 1696 autem,
556 1640 585 1686 et
598 1630 765 1697 constantia,
781 1640 809 1686 et
823 1629 990 1697 moderatio,

113 1721 142 1766 et
155 1728 198 1776 ea,
214 1728 276 1781 quae
291 1720 358 1765 sunt
371 1710 415 1766 his
436 1710 552 1776 similia,
567 1719 713 1766 versantur
734 1709 763 1766 in
776 1727 811 1765 eo
826 1727 939 1784 genere,
956 1708 992 1766 ad

114 1788 189 1859 quod
211 1799 255 1844 est
274 1787 433 1844 adhibenda
447 1789 519 1845 actio
540 1788 680 1860 quaedam,
696 1808 753 1846 non
773 1789 865 1845 solum
887 1789 992 1845 mentis

114 1867 238 1942 agitatio.
282 1867 338 1923 His
353 1868 430 1924 enim
451 1869 545 1935 rebus,
561 1886 624 1939 quae
639 1876 792 1925 tractantur
805 1869 835 1924 in
850 1868 916 1935 vita,
932 1886 993 1925 mo·

3 2000 13 2019 ,,
114 1945 182 2003 dum
197 1945 349 2018 quemdam
371 1956 399 2001 et
418 1945 547 2003 ordinem
562 1945 739 2015 adhibentes,
764 1947 944 2004 honestatem
964 1956 993 2003 et

87 2095 89 2100 1
115 2025 201 2082 decus
217 2025 458 2082 conservabimus

117 2187 206 2246 GAP.
229 2188 282 2246 VI.
320 2187 456 2248 Scientiae
479 2188 669 2266 cupiditatem
693 2210 712 2249 u
736 2188 858 2250 Natura
877 2189 993 2250 bomini

154 2267 277 2325 dutum:
300 2267 357 2325 duo
369 2269 444 2326 vitiu
458 2269 581 2327 uitanda
596 2288 667 2338 esse,
679 2271 824 2328 nimirum
838 2270 993 2348 incognito

149 2366 206 2424 pro
221 2347 351 2424 cognitis
371 2347 485 2416 habere,
500 2355 526 2406 et
546 2348 579 2407 in
599 2367 644 2406 res
665 2348 803 2408 obscurus
825 2357 852 2407 rt
870 2348 993 2408 inutiles

154 2427 283 2484 nimium
298 2426 392 2484 studii
406 2427 580 2505 impendere.

156 2587 205 2645 Ex
226 2599 346 2662 quatuor
367 2599 459 2648 autem
480 2591 562 2658 locis,
585 2591 615 2649 in
636 2610 708 2665 quos
729 2591 842 2649 honesti
865 2601 993 2651 naturam

118 2668 231 2739 vimque
252 2669 412 2737 divisimus,
427 2670 536 2745 primus
557 2671 616 2739 ille,
630 2672 679 2744 qui
700 2671 731 2729 in
751 2671 810 2728 veri
830 2671 994 2746 cognitione

116 2748 256 2816 consistit,
271 2749 396 2806 maxime
410 2759 538 2807 naturum
553 2751 664 2827 attingit
677 2749 841 2808 humanam.
883 2751 994 2808 Omnes

149 2913 163 2941 t
174 2907 294 2962 mpttcutc
304 2908 371 2954 runt.
404 2906 481 2953 These
492 2909 580 2954 virtues
591 2912 634 2953 not
640 2909 698 2965 only
706 2908 764 2953 have
776 2921 790 2952 a
800 2920 926 2964 necessary
937 2908 996 2952 rele-

116 2961 172 3014 tion,
183 2963 224 3004 but
236 2960 291 3056 theg
303 2961 364 3023 heve
375 2974 389 3005 s
400 2973 526 3023 necessary
537 2963 638 3024 relience
650 2974 681 3005 on
691 2962 747 3006 each
759 2962 846 3024 otherfs
858 2961 905 3006 eid.
939 2962 996 3006 Pru·

111 3015 191 3072 ¹datico
209 3014 272 3069 enhg
290 3018 343 3058 tens
354 3018 439 3071 Justrce
456 3016 481 3059 in
494 3016 533 3060 the
550 3015 671 3071 discharge
683 3017 711 3060 of
724 3015 766 3059 her
782 3015 875 3069 dunos,
892 3025 996 3069 couregc

103 3075 128 3104 rs
140 3066 208 3107 often
226 3068 342 3120 requisito
361 3072 385 3113 to
400 3069 492 3114 sustain
508 3068 608 3126 justioe;
624 3068 667 3114 but
678 3073 703 3113 to
731 3072 813 3112 terent
826 3067 877 3113 that
894 3078 965 3112 coum
981 3080 997 3113 o

82 3113 158 3207 33:1²1
152 3117 305 3210 fflmmg
321 3121 441 3181 rushness
461 3128 617 3182 tempersnce
628 3135 654 3170 or
664 3134 692 3169 m
722 3122 812 3168 eration
825 3080 996 3178 nreuribesltt
