2054 3946
106 192 159 246 18⁰
426 186 474 231 ns
496 186 674 234 orrrcrrs.

102 297 205 368 Neque
228 297 305 353 enlm
319 294 474 367 quidquam
497 295 606 353 dehac
629 304 708 372 parte
733 302 802 369 post
824 290 970 351 Panaetium

101 377 274 466 explicatum
288 386 341 442 est,
358 375 434 447 quod
449 374 564 466 quidem
580 376 652 432 mihi
672 375 849 451 probaretur,
863 370 898 429 de
911 371 969 439 iis,'
1012 412 1016 419 ·

102 474 164 527 quse
180 475 207 511 m
224 474 322 511 manus
337 474 416 511 meas
431 465 570 511 venerint.

102 583 192 641 ute.
214 583 295 642 VIII.
342 582 427 653 Quod
448 583 603 641 honestum
623 602 684 642 non
706 590 760 650 est,
781 580 817 639 id
835 598 890 641 nce
911 578 972 639 utils

297 680 380 719 esse.-
400 662 532 721 taedeo
547 662 623 721 mule
636 663 781 740 repertam.

142 775 211 831 Con
227 776 311 851 igitur
326 775 420 846 aliqua
434 776 546 851 speeies
566 776 695 834 utilitatis
713 778 827 853 objecta
841 786 896 843 est,
908 792 975 833 eom·

103 855 224 915 moveril
239 872 356 911 neeesse
371 866 432 911 est:
456 854 507 911 sed
528 856 564 922 si,
579 874 644 913 eum
669 856 797 913 animum
821 854 975 916 attenderit.
1018 868 1021 893 ¹

103 934 306 1008 turpitudinem
329 932 425 990 videas
451 933 611 1010 adjunctam
638 935 665 991 ei
690 936 742 1002 rei,
768 954 835 1007 quae
859 934 974 1011 speeiem
1019 946 1021 951 '

103 1014 231 1069 utilitatis
243 1013 375 1079 attulerit,
391 1024 450 1071 tum
472 1033 529 1070 non
543 1014 649 1070 utilitas
663 1014 852 1087 relinquenda
866 1025 920 1081 est,
933 1012 974 1069 sed

103 1092 329 1169 intelligendum,
343 1094 391 1149 ubi
407 1092 551 1168 turpitudo
565 1094 612 1160 sit,
629 1094 667 1150 ibi
681 1095 834 1152 utilitatem
849 1112 915 1151 esse
926 1110 974 1149 non

103 1191 200 1247 posse.
242 1170 326 1237 Quod
346 1172 370 1227 si
392 1173 464 1228 nihil
478 1181 522 1228 est
545 1183 601 1229 tam
624 1184 721 1229 eontra
744 1186 886 1241 naturam,
900 1190 974 1244 quam

103 1252 247 1326 turpitudo
270 1250 357 1329 (recta
380 1253 468 1318 enim,
492 1260 520 1307 et
542 1253 750 1317 convenientia,
773 1263 802 1308 et
826 1250 974 1309 constantia

104 1342 202 1387 natura
232 1330 381 1397 desiderat,
411 1335 647 1406 aspernaturque‡
673 1329 827 1409 contraria)
856 1331 975 1401 nihilque

105 1424 160 1468 tam
176 1410 330 1467 seeundum
353 1422 481 1466 naturam
496 1429 581 1481 quam
602 1410 728 1479 utilitas;
749 1421 826 1467 certe
841 1411 872 1467 iu
886 1409 974 1467 eadem

104 1509 134 1546 re
147 1491 253 1546 utilitas
269 1500 297 1546 et
311 1490 455 1565 turpitudo
472 1508 536 1545 esse
550 1509 606 1545 non
621 1499 724 1565 potest.
766 1489 899 1562 Itemque
911 1489 934 1546 si
946 1486 975 1545 ad

105 1570 281 1626 honestatem
302 1571 359 1625 nati
374 1589 483 1633 sumus,
498 1587 587 1640 eaque
602 1580 649 1625 aut
672 1570 733 1625 sola
747 1568 909 1644 expetenda
928 1578 975 1631 est,
1019 1580 1021 1635 j

104 1658 135 1705 ut
150 1649 262 1705 Zenoni
276 1649 368 1705 visnm
383 1659 435 1713 est,
452 1659 500 1703 aut
520 1658 595 1704 certe
611 1649 699 1708 omni.
715 1648 861 1723 pondere§
875 1648 977 1725 gravior

105 1728 243 1794 habenda,
258 1747 341 1799 quam
363 1729 476 1799 reliqna·
491 1728 596 1793 omnia,
611 1727 688 1799 quod
702 1729 849 1785 Aristoteli
872 1729 977 1805 placen

106 1826 224 1863 neeesse
238 1818 290 1873 est,
304 1807 381 1877 quod
402 1808 553 1863 honestum
568 1808 614 1872 sit,
630 1806 658 1862 id
673 1826 737 1862 esse
752 1819 800 1863 aut
817 1808 921 1873 solum,
935 1816 977 1863 aut

105 1905 248 1942 summum
266 1888 391 1942 bonnmz
414 1885 489 1957 quod
510 1896 603 1942 autem
624 1887 741 1952 bonum,
757 1886 787 1942 id
808 1900 885 1944 certe
897 1887 977 1943 utile:

106 1965 144 2019 ita
158 1965 295 2036 quidquid
310 1967 472 2030 honestum,
487 1964 516 2021 id
531 1966 611 2021 utile.

123 2159 128 2166 Ι
140 2111 152 2167 *.
164 2108 199 2151 De
211 2106 249 2151 iis.
283 2109 335 2170 Eur,
347 2118 380 2151 ex
395 2108 445 2157 iii:
465 2120 498 2168 ps,
510 2108 622 2169 Corn—III.
634 2108 663 2170 In·
674 2108 788 2170 [rhemist
801 2121 822 2153 e.
834 2109 857 2161 9,
868 2110 884 2135 ⁴⁴
893 2106 981 2171 Thucy·

107 2158 153 2220 drdlr
172 2161 247 2213 credo,
259 2173 300 2215 qur
319 2164 386 2204 aetate
403 2173 528 2216 proximus
538 2161 567 2205 de
583 2174 612 2204 ns
623 2174 665 2216 qur
678 2162 771 2206 illorum
788 2166 925 2217 temporum
940 2162 981 2207 lus·

106 2219 188 2256 tonum
200 2214 371 2268 reliquerunt.’'

428 2315 579 2359 CHAPTER
598 2316 664 2359 VIII.

107 2383 322 2492 Brslgnlldlalhhr}
330 2386 524 2489 ιηΑίζζῖὶῗτῖέῖηπιἘ
535 2385 690 2490 lnlllldeldlalq
696 2384 984 2501 1dnodrlrrrlla{lrtlllleridtybil

106 2495 148 2534 not
157 2492 254 2543 known,
264 2492 332 2533 alters
342 2494 366 2532 to
374 2502 535 2535 comnmveure.
570 2492 636 2535 With
645 2490 683 2534 the
693 2496 789 2545 present
797 2492 904 2545 reading,
911 2491 984 2535 which

107 2544 126 2586 Is
138 2543 211 2588 found
225 2543 250 2586 In
263 2549 323 2587 most
336 2544 405 2587 MSS.
414 2544 461 2585 and
473 2545 537 2598 early
549 2544 657 2597 editions,
669 2547 691 2588 te
701 2556 757 2598 may
770 2544 798 2588 be
809 2546 961 2589 understood.

140 2598 320 2657 ssnmenatur.
355 2597 406 2639 The
423 2598 560 2657 etymology
572 2598 620 2640 end
637 2601 706 2640 exart
723 2597 810 2651 Import
828 2599 857 2641 of
870 2598 918 2642 thIs
934 2596 985 2642 verb

107 2662 145 2692 are
158 2650 182 2692 in
194 2650 302 2704 dispute:
321 2661 385 2692 some
397 2649 475 2693 derivo
485 2655 503 2693 1t
514 2652 575 2693 t'rom
587 2652 618 2694 ad
629 2651 676 2712 and
687 2660 771 2744 sperno
779 2670 790 2701 ,·
806 2652 892 2701 others,
904 2652 984 2694 fromn

107 2703 153 2745 and
164 2713 254 2758 sperne.
287 2702 338 2747 The
349 2704 485 2757 etymology
495 2704 522 2746 ot
529 2703 579 2747 thut
590 2703 644 2747 verb
656 2707 698 2746 rtse
709 2704 720 2745 f
729 2715 748 2746 rs
759 2705 845 2747 indeed
859 2706 986 2748 uncertain.

107 2758 120 2799 J
123 2785 129 2797 .
142 2758 168 2800 F.
181 2756 316 2807 Heusinger
327 2761 435 2807 suggests
453 2756 502 2799 that
514 2769 540 2799 es
554 2757 612 2799 from
630 2757 693 2800 ulter
704 2769 742 2799 ure
754 2757 847 2800 formed
860 2759 933 2802 attero
942 2757 983 2801 end

107 2809 202 2861 admon,
214 2820 240 2851 so
252 2809 310 2852 from
322 2820 392 2862 asper
402 2821 456 2863 may
469 2809 528 2853 have
539 2810 598 2853 been
610 2809 698 2853 formed
712 2820 795 2863 antero
807 2811 856 2853 and
868 2821 985 2866 nspmon

107 2862 166 2905 ThIs
177 2862 289 2917 adjective
301 2862 324 2905 in
337 2874 458 2905 onerense
470 2875 546 2906 seems
557 2868 580 2906 to
591 2864 650 2905 have
659 2862 715 2905 bren
728 2863 855 2917 employed
868 2864 903 2907 tor
912 2872 985 2908 aoeret

107 2914 182 2970 from,
195 2928 221 2957 as
233 2917 288 2958 AEn.
300 2915 347 2958 viii.
360 2915 411 2968 365,
425 2915 569 2968 “Rebusque
582 2915 636 2959 veni
649 2928 698 2958 non
711 2927 781 2969 asper
792 2917 905 2968 egents?

141 2967 278 3022 §Pondere
310 2967 418 3012 Another
437 2969 560 3023 metaphor
576 2970 647 3011 taken
663 2969 723 3011 from
741 2968 780 3011 the
798 2969 908 3023 balance.
925 2970 985 3019 titt,

107 3027 169 3072 note,
181 3022 202 3063 4.
237 3022 315 3074 Quum
326 3021 373 3064 va
386 3020 455 3065 habet
472 3022 529 3064 libra
546 3022 584 3065 illa
597 3022 706 3064 Critoluit
719 3021 760 3082 qni
779 3034 835 3065 enm
849 3023 875 3067 In
894 3024 985 3067 alteram

108 3074 198 3116 lancem
210 3074 284 3117 enimi
296 3072 358 3117 bons
369 3074 482 3129 Imponat.
490 3076 514 3118 in
524 3076 627 3123 alteram,
636 3086 740 3129 corporis
751 3080 775 3118 et
782 3080 890 3129 externe,
897 3080 984 3120 uotum

126 3125 253 3226 ropendepp
264 3127 330 3171 illam
341 3127 397 3171 boni
415 3129 508 3172 lancem
519 3132 594 3184 putet,
605 3133 632 3172 ut
642 3132 726 3172 terrem
737 3132 761 3171 et
780 3130 856 3174 merla
867 3130 981 3186 deprimet
