2054 3946
384 512 463 557 cxx.
480 511 563 557 xrrr.
860 520 919 575 273

31 622 78 683 ag'u
114 621 199 671 Plures
212 621 276 670 enim
288 621 386 680 discent,
398 621 598 684 quemadmodum
614 621 742 680 beabunt,
754 637 826 685 quam
838 638 919 685 quern·

32 690 160 738 admodum
173 689 211 737 his
221 690 349 738 resistatur.

67 757 189 816 Quorsum
201 757 268 805 hmcl
288 756 344 818 quia
361 755 412 803 sine
429 755 500 803 sociis
518 772 589 803 nemo
600 755 731 818 quidquam
748 757 795 805 tale
813 768 919 806 conatur.

32 823 223 886 Praepriendum
235 831 271 871 est
287 823 360 884 igitur
370 822 447 880 bonis,
460 831 492 880 ut,
504 823 525 870 si
537 822 562 870 in
580 823 697 886 ejusmodi
715 823 831 872 amicitias
842 825 919 884 ignari

31 907 89 938 casu
101 891 182 953 aliquo
199 890 333 948 inciderint,
345 905 376 937 ue
388 889 532 948 existiment,
544 889 577 938 ita
588 907 613 938 se
631 890 746 950 alligatos,
758 899 785 940 ut
796 892 825 939 ab
837 892 920 940 amicis

32 958 57 1005 in
69 974 158 1019 magna
169 959 249 1021 aliqua
266 974 298 1005 re·
308 957 461 1021 peccantibus
478 973 527 1004 non
544 956 673 1006 discedant.
707 958 822 1020 Improbis
839 967 919 1007 autem

32 1040 103 1087 poeua
120 1026 247 1073 statuenda
257 1032 307 1082 est3
324 1041 369 1072 nee
381 1040 436 1072 vero
448 1025 526 1072 minor
537 1023 567 1071 iis
579 1025 619 1087 qui
637 1024 712 1072 secuti
730 1033 800 1073 erunt
811 1027 919 1083 alterum,

31 1109 104 1153 (quam
117 1092 146 1139 iis
157 1091 198 1156 qui
211 1092 257 1154 ipsi
268 1091 356 1140 fuerint
366 1090 494 1154 impietatis
505 1090 586 1139 duces.
620 1090 683 1150 Quis
695 1091 778 1140 clarior
789 1092 815 1140 in
828 1092 919 1141 Gracia

31 1159 213 1207 'Phenristoclel
233 1160 287 1222 quis
305 1158 438 1222 potentiori
459 1158 507 1221 qul,
527 1174 582 1206 eum
600 1158 726 1220 imperator
743 1160 804 1207 bello
824 1158 920 1207 Persico

32 1226 144 1274 servitute
157 1226 273 1274 Graeciam
286 1226 412 1279 liberasset,
424 1233 564 1288 propterque
577 1225 691 1273 invidiam
703 1226 728 1273 in
740 1227 853 1275 exsilium
865 1226 920 1274 mis

32 1310 74 1341 sus
94 1302 163 1351 esset,
175 1293 272 1354 ingrate
291 1293 369 1355 patriae
389 1292 500 1356 injuriam
520 1309 571 1340 non
588 1292 649 1350 tulit,
667 1309 739 1354 quarn
756 1293 815 1341 serre
831 1293 920 1343 debuit

33 1361 102 1409 Fecit
119 1361 190 1419 idom,
202 1361 266 1423 quod
286 1359 336 1407 XX
355 1359 425 1407 annis
446 1368 501 1408 ante
521 1360 584 1421 apud
600 1375 644 1407 nos
662 1360 749 1407 fecorat
769 1359 919 1410 Coriolanus.

33 1429 80 1478 His
92 1429 185 1493 adjutor
196 1436 278 1476 eontra
288 1426 388 1492 patriam
400 1426 512 1474 inventus
524 1435 560 1474 est
571 1443 658 1474 nemo:
671 1426 751 1490 itaque
763 1437 863 1477 mortem
875 1427 919 1476 sibi

32 1504 131 1557 uterque
142 1495 264 1543 conscivit

67 1562 148 1620 Quare
160 1563 214 1610 talis
226 1562 386 1624 improborum
400 1559 526 1608 consensio
542 1576 592 1608 non
610 1560 680 1609 modo
697 1561 851 1610 excusatione
862 1561 920 1610 ami·

31 1627 92 1676 citire
110 1629 212 1690 tegenda
228 1645 278 1676 non
296 1636 338 1686 eet,
350 1628 391 1675 sed
408 1627 488 1690 potius
506 1626 571 1675 omni
589 1628 706 1691 supplicio
717 1628 874 1686 vindicanda3
892 1636 920 1677 ut

33 1712 64 1743 ne
76 1696 129 1758 quis
141 1696 186 1744 sibi
203 1711 344 1744 eoncessum
361 1702 434 1758 putet,
447 1695 559 1752 amicum,
571 1696 608 1743 vel
625 1696 714 1744 bellum
727 1696 805 1758 patrie
817 1697 919 1744 infereu-

31 1772 89 1820 tem,
100 1763 184 1826 sequi:
202 1762 266 1825 quod
278 1761 381 1824 quidem,
391 1770 418 1809 ut
428 1776 466 1808 res
474 1761 546 1824 coepit
555 1761 596 1819 ire,
608 1762 673 1810 haud
685 1762 741 1820 scio,
749 1779 780 1810 an
789 1763 919 1825 aliquando

32 1830 140 1878 futurum
152 1829 189 1878 sit
223 1829 286 1877 Mihi
302 1838 382 1877 autem
399 1845 450 1877 non
462 1829 549 1877 minori
565 1845 627 1877 curm
644 1837 687 1887 est,
699 1830 776 1891 qualis
788 1830 919 1894 respublica

32 1906 86 1960 post
97 1904 197 1945 mortem
208 1912 286 1944 meam
297 1895 377 1944 sutura
389 1895 427 1955 sit,
438 1912 512 1959 quam
523 1896 599 1959 qualis
611 1896 682 1944 hodie
694 1897 731 1945 sit

64 2027 133 2076 XIII.
151 2026 211 2075 Haee
229 2026 302 2088 igitur
321 2026 398 2090 prima
417 2028 457 2076 lex
477 2027 582 2076 amicitia
599 2027 725 2086 sanciatur,
741 2035 770 2076 ut
789 2029 818 2076 ab
836 2029 919 2078 amicis

32 2095 133 2143 honesta
149 2101 267 2157 petamus,
279 2095 409 2142 amicorum
425 2111 498 2143 causa
514 2095 615 2143 honesta
625 2095 757 2145 faciamus:
774 2111 806 2144 ne
823 2112 920 2159 exspec-

31 2171 110 2209 temus
127 2161 232 2223 quidem,
249 2162 308 2210 dum
324 2177 451 2222 rogemur:
471 2161 578 2210 studium
595 2178 689 2224 semper
705 2163 780 2222 adsit3
797 2166 918 2212 cunetatio

32 2229 99 2276 absit.
134 2227 271 2277 Camillum
282 2229 403 2276 veredam
415 2229 561 2289 gaudeamus
572 2228 659 2278 libere:
677 2230 806 2292 plurimum
823 2230 849 2278 iu
861 2231 919 2280 arui·

31 2295 88 2343 citia
99 2295 230 2344 amicorum
247 2298 307 2343 bene
319 2296 471 2344 suadentium
482 2297 558 2343 valeat
570 2296 709 2344 auctoritas:
727 2313 801 2360 eaque
813 2304 837 2345 et
853 2298 919 2346 adbi-

31 2364 116 2411 beatur
133 2363 162 2410 ad
180 2363 335 2421 monendum,
348 2378 396 2410 uon
414 2362 485 2410 modo
503 2370 590 2425 aperte,
602 2363 643 2410 sed
659 2363 731 2412 etiarn
748 2364 837 2423 acriter,
850 2365 871 2414 si
882 2381 919 2414 res

32 2430 172 2494 postulabit;
190 2438 214 2478 et
226 2429 334 2478 adhibitae
346 2436 462 2493 pareatur.

66 2497 133 2544 Nam
145 2498 293 2558 quibusdam,
305 2513 366 2558 quos
377 2496 448 2544 audio
460 2495 578 2558 sapientes
588 2496 681 2546 habitos
693 2495 717 2546 ln
731 2497 829 2553 Gracia,
838 2499 918 2561 placu-

31 2561 79 2610 isse
91 2565 175 2626 opinor
193 2564 308 2612 mirabilia
320 2563 434 2626 quedam,
449 2563 501 2624 (sed
520 2563 580 2611 nihil
592 2571 635 2622 est,
647 2567 710 2626 quod
727 2565 824 2613 illinon
841 2582 918 2628 perse·

30 2639 136 2691 quantur
156 2631 289 2696 otgatium)
315 2630 400 2693 partim
418 2630 544 2690 fugiendas
561 2648 613 2679 esse
637 2632 724 2679 nimias
747 2633 869 2690 amicitias,
887 2649 918 2681 ne

31 2712 129 2745 necesse
141 2698 171 2746 sit
182 2714 260 2746 unum
272 2698 399 2746 sollicitum
411 2714 462 2745 esse
474 2713 516 2760 pro
528 2699 649 2761 pluribus:
668 2699 725 2746 satis
736 2715 854 2761 superque
866 2716 918 2748 esse

30 2780 130 2812 suarum
149 2766 235 2826 cuique
253 2781 346 2814 rorum:
370 2765 453 2812 alienis
476 2764 547 2813 nimis
570 2765 685 2828 implicari
703 2767 828 2814 molestum
851 2783 917 2816 esse:

31 2832 252 2881 commodissimum
269 2848 328 2889 esse,
340 2848 412 2894 quam
430 2831 564 2880 laxissimas
576 2832 680 2880 habenas
697 2832 782 2880 habere
793 2833 917 2892 amicitiae3

31 2914 92 2959 quas
111 2900 147 2947 vel
165 2900 274 2955 adducas,
293 2915 348 2946 curn
367 2897 432 2957 velis,
450 2899 487 2946 vel
505 2899 624 2946 remittas:
643 2907 715 2961 caput
733 2899 797 2947 euim
816 2917 869 2948 esse
887 2901 918 2949 ad

31 2966 98 3013 beate
110 2965 246 3024 vivendum,
259 2966 424 3022 semaritatem3
441 2981 489 3027 qua
500 2965 547 3014 frui
559 2981 607 3014 non
625 2966 700 3028 possit
712 2966 814 3025 animus,
827 2967 847 3015 si
859 2975 918 3016 tarn·

30 3049 104 3094 quam
116 3033 231 3095 parturiat
243 3049 307 3080 unus
318 3049 359 3096 pro
372 3031 486 3095 pluribus.

65 3100 134 3146 Alios
145 3108 224 3148 autem
233 3100 310 3148 dicere
322 3099 390 3148 aiunt
401 3100 476 3147 multo
486 3099 557 3148 etiam
567 3099 731 3158 inhumanIus,
741 3099 825 3163 (quem
838 3103 917 3151 locum

30 3167 131 3214 breviter
147 3167 273 3229 perstrinxi
290 3168 363 3229 paulo
380 3168 448 3232 ante)
463 3167 564 3228 praesidii
581 3167 759 3232 adjumentique
776 3185 855 3227 musa,
868 3186 917 3218 nen

31 3234 200 3282 benevolentiae
212 3250 290 3296 neque
302 3233 411 3292 caritatis,
423 3233 539 3282 amicitias
550 3250 602 3282 esse
613 3238 772 3298 expetendas:
791 3236 878 3300 itaque,
892 3246 917 3286 ut

29 3301 132 3363 quisque
144 3301 272 3348 minimum
284 3300 402 3349 firmitatis
419 3301 511 3359 habeat,
523 3301 698 3364 minimumque
710 3303 803 3360 virium,
815 3304 848 3352 ita
859 3306 917 3352 ami·

30 3367 100 3416 citios
112 3376 219 3429 appetere
232 3368 336 3416 maxime
346 3384 352 3414 r
371 3367 510 3424 erectiori,
523 3376 550 3416 ut
561 3369 704 3417 mullereulae
716 3371 793 3431 magis
804 3371 918 3419 amicitia

30 3451 84 3482 rum
105 3435 211 3496 presidia
222 3443 335 3496 querant,
353 3451 426 3497 quam
438 3433 496 3492 vin‘;
514 3443 538 3483 et
555 3434 646 3499 inopes,
664 3452 737 3501 quam
754 3438 876 3501 opulenti;
894 3446 916 3487 et

28 3501 171 3560 calamitosi,
182 3518 254 3564 quam
265 3501 282 3549 ii
294 3502 336 3566 qui
347 3509 462 3566 putentur
473 3502 543 3552 beati.
