2054 3946
357 448 481 495 1.113.11.
514 448 592 495 CAP.
609 449 682 494 xvh
908 457 959 511 141

77 556 141 615 tior.
186 556 300 623 Quanto
314 557 499 615 Aristoteles*
518 558 631 635 gravius
645 567 674 614 et
688 558 781 615 verius
795 577 847 615 nos
870 578 963 636 repre·

76 635 188 703 lrendit,
205 636 254 708 qui
269 635 319 693 has
333 637 518 712 pecuniarum
533 637 688 695 effusiones
710 656 766 694 non
780 637 961 706 admiremur,

76 734 142 786 quae
164 715 237 772 fiunt
256 714 291 772 ad
309 715 519 773 multitudinem
541 716 749 774 deliniendam:
772 728 800 773 at
817 718 847 783 ii,
864 719 913 789 qui
928 720 962 775 ab

77 795 161 853 hoste
176 793 350 862 obsidentur,
366 796 391 852 si
405 813 500 852 emere
515 815 595 869 aquae
617 796 771 853 sextarium
789 798 866 853 mina
879 817 962 874 coge·

78 886 185 938 rentur,
208 874 264 931 hoe
283 875 376 950 primo
403 872 534 952 [auditu]
561 875 724 933 incredibile
752 877 834 933 nobis
861 877 960 945 videri,

77 971 237 1025 omnesque
265 954 379 1010 mirari:
406 952 468 1020 sed,
488 973 553 1011 cum
577 953 755 1021 attenderint,
775 956 885 1012 veniam
914 976 961 1013 ne·

78 1033 204 1089 cessitati
224 1031 308 1089 dare:
331 1033 361 1089 in
375 1033 427 1089 his
449 1034 620 1090 immanibus
639 1035 769 1110 jacturis,
785 1035 961 1107 infinitisque

78 1111 229 1174 sumtibus,
240 1111 371 1168 nihilnos
385 1131 490 1187 magno
500 1131 588 1188 opere
598 1113 712 1178 mirari;
728 1132 793 1169 curn
806 1126 961 1189 praesertim

78 1208 171 1262 neque
196 1191 357 1247 necessitati
381 1192 574 1257 subveniatur,
590 1211 642 1249 nee
663 1191 785 1268 dignitas
807 1204 960 1268 augentem

78 1270 198 1344 ipsaque
213 1269 261 1327 illa
281 1268 429 1327 delectatio
443 1271 631 1328 multitudinis
653 1273 690 1328 sit
710 1271 746 1328 ad
765 1273 848 1329 breve
864 1275 961 1349 exigu-

78 1366 183 1421 umque
205 1357 339 1424 tempus;
361 1367 450 1421 eaque
473 1370 489 1406 a
511 1350 659 1407 levissimo
686 1370 821 1423 qnoque:
851 1353 880 1408 in
904 1371 961 1425 quo

77 1438 172 1484 tamen
193 1427 257 1502 ipso
278 1447 334 1485 una
354 1447 420 1485 cum
440 1429 578 1497 satietate,
600 1432 738 1487 memoria
762 1449 876 1503 qnoque
901 1451 960 1489 mo·

75 1506 163 1563 riatur
183 1507 346 1583 voluptatis.
390 1507 469 1565 Bene
490 1509 575 1566 etiam
596 1509 713 1584 colligit,
729 1510 790 1567 haec
811 1512 917 1585 pueris,
933 1523 960 1568 et

75 1585 263 1653 mulierculis,
282 1597 310 1642 et
334 1588 434 1653 servis,
456 1596 484 1643 et
504 1607 651 1645 servorum
672 1589 827 1645 simillimis
851 1590 958 1656 liberis,

74 1683 139 1721 esse
155 1675 250 1741 grata:
273 1667 351 1743 gravi
366 1685 432 1723 vero
447 1666 567 1734 homini,
582 1678 610 1723 et
624 1685 667 1734 ea,
679 1687 741 1739 quae
756 1668 837 1735 fiunt,
848 1669 959 1745 judicio

72 1753 153 1801 certo
167 1744 344 1820 ponderanti,
360 1747 472 1821 probari
487 1765 572 1822 posse
587 1747 665 1803 nullo
681 1746 775 1803 modo.

115 1823 296 1896 Quamquam
310 1824 448 1901 intelligo,
459 1827 488 1882 in
504 1838 599 1882 nostra
612 1826 725 1886 civitate
736 1826 918 1894 inveterasse,
930 1839 959 1885 et

75 1903 139 1978 jam
154 1904 236 1960 bonis
251 1905 436 1978 temporibus,
451 1917 482 1961 ut
496 1905 631 1981 splendor
646 1905 824 1966 aedilitatuml
837 1907 871 1962 ab
887 1909 959 1982 opti·

74 1982 130 2038 mis
145 1983 214 2038 viris
228 1983 395 2057 postuletur.
436 1984 535 2056 Itaque
551 1995 579 2041 ct
593 1985 626 2041 P.
644 1983 795 2058 Crassus,‡
809 2004 874 2041 cnm
894 2005 959 2061 cog·

73 2061 191 2118 nomine
214 2061 304 2130 dives,
317 2073 375 2120 turn
391 2065 493 2140 cophe,
507 2064 619 2120 functus
634 2073 678 2120 cst
697 2064 819 2121 aedilicio
832 2065 958 2122 maximo

73 2159 203 2207 munere,
223 2152 252 2197 et
278 2143 363 2218 paulo
384 2154 450 2218 post
474 2143 508 2200 L.
526 2144 648 2200 Crassus
670 2163 736 2200 curn
756 2145 885 2201 omnium
908 2144 958 2202 ho·

74 2220 194 2279 minum.
208 2219 446 2289 moderatissimo,
461 2223 498 2288 Q.
514 2223 649 2297 Mucio,§
676 2224 958 2300 magnificentissima

107 2349 121 2376 ⁸³
133 2345 279 2391 Aristotelea.
313 2348 340 2391 In
353 2346 392 2392 the
404 2359 534 2392 numerous
542 2348 648 2402 writings
658 2349 684 2391 of
693 2349 802 2392 Aristotle
810 2347 886 2392 which
899 2348 958 2393 have

73 2398 134 2442 been
153 2401 283 2454 preserved,
295 2412 327 2443 no
344 2402 402 2444 such
420 2414 520 2456 passage
539 2401 581 2444 has
599 2401 658 2445 been
676 2402 818 2446 discovered.
851 2404 958 2446 Muretus

73 2453 121 2496 and
133 2454 156 2498 J.
163 2455 197 2497 M.
207 2454 341 2507 Heusinger
352 2459 450 2508 suggest
462 2455 510 2498 that
523 2455 641 2503 Aristone
654 2456 732 2498 Aristo
743 2455 815 2499 Chius
822 2468 848 2498 or
858 2456 958 2506 Stoicus,

73 2517 130 2560 may
144 2505 222 2602 lpmpe
235 2511 285 2550 true
297 2508 401 2563 reading.
435 2508 494 2553 This
513 2509 575 2552 Stoic
591 2508 740 2564 philosopher
754 2508 867 2553 hasbeen
881 2509 957 2554 before

73 2571 145 2602 nenne
178 2571 193 2602 ι.
221 2591 227 2604 .

105 2591 292 2667 *sss'aonaam
326 2615 420 2669 among
433 2613 472 2658 ue
484 2613 560 2658 autres
572 2613 669 2658 orthem
682 2614 771 2657 officere
780 2614 874 2658 werne
886 2614 958 2659 arrec-

72 2664 122 2708 tion
134 2666 162 2708 of
174 2665 213 2709 the
231 2666 311 2721 public
329 2680 414 2722 gunnes.
448 2669 476 2712 In
489 2681 584 2723 process
595 2670 622 2711 of
636 2668 699 2717 time,
712 2669 749 2712 the
760 2674 851 2711 custom
865 2681 914 2711 was
924 2669 958 2711 in·

72 2718 183 2762 troduced
196 2720 224 2762 of
232 2720 354 2774 detiaying
362 2721 401 2764 the
410 2733 515 2776 expense
525 2722 552 2764 of
560 2722 625 2765 these
634 2726 675 2782 ont
686 2722 713 2764 oi
719 2722 777 2764 their
785 2734 838 2764 own
847 2722 957 2775 pockets:

71 2776 95 2814 at
102 2773 247 2826 subsequent
255 2774 372 2821 electione,
381 2786 411 2817 an
419 2775 515 2818 interest
525 2787 574 2819 was
584 2775 613 2829 by
623 2775 668 2818 this
677 2786 759 2818 means
771 2774 860 2817 created
871 2786 957 2829 among

71 2826 110 2868 the
123 2826 193 2868 lower
205 2827 297 2870 classes.
332 2827 391 2870 This
403 2827 474 2871 ebuso
487 2828 581 2871 became
593 2841 619 2871 so
628 2831 698 2881 great,
711 2829 761 2888 that
771 2826 809 2870 the
822 2828 957 2882 popularity

71 2890 97 2936 or
109 2880 260 2933 unpopularit
290 2879 317 2922 oi
323 2893 339 2923 a
350 2881 475 2943 candidate
488 2881 523 2924 for
537 2880 618 2942 higher
630 2881 709 2924 cilices
728 2892 752 2922 ιιι
764 2893 777 2923 ιι
790 2885 856 2932 great
872 2881 956 2932 degree

70 2892 957 3043 errandnlnrvnnnruwnnnlrevertebaris

71 2999 77 3024 ι
175 2998 183 3026 t
353 3000 374 3029 w
697 2998 704 3016 '

71 3037 186 3080 irivolous
198 3037 281 3093 ohJcct.

71 3091 569 3203 r.ssnf'·0.⁰t⁰tt²5³nhl¹⁸0rh.erhilt
583 3093 956 3206 lehithhal‘lrtlnnlrl!

69 3197 159 3239 Luctus
177 3197 281 3250 Crassus,
295 3204 354 3242 nent
365 3200 459 3252 named,
472 3200 491 3242 is
500 3200 540 3244 the
558 3206 633 3244 orator
649 3198 806 3243 commended
819 3210 843 3241 ιιι
857 3197 895 3242 the
907 3199 956 3242 first

70 3248 138 3299 book,
150 3262 171 3293 c.
183 3262 240 3293 xxx.
252 3252 300 3294 and
313 3253 347 3296 De
357 3254 419 3296 Oret.
430 3265 451 3296 c.
463 3253 502 3296 liv.

103 3301 117 3362 ᾗ
133 3302 160 3354 Q.
172 3303 260 3348 Mucio.
294 3306 425 3349 Surnamed
439 3306 549 3360 Scaevola,
561 3306 604 3349 hes
621 3306 669 3349 also
686 3304 745 3348 been
763 3304 842 3348 before
861 3304 954 3348 alludcd

69 3359 93 3397 to
106 3367 129 3396 ιιι
142 3355 211 3409 cnsp.
224 3357 297 3401 xxxii.
306 3359 332 3401 of
341 3359 379 3402 the
391 3359 441 3401 first
451 3359 519 3403 book.
553 3363 566 3384 “
576 3362 689 3418 Loenum·
697 3358 766 3402 simul
779 3358 883 3418 plurium
896 3370 954 3419 pug-

68 3410 225 3507 fflanlffi
243 3410 356 3509 Pllfloelfg
373 3411 437 3455 dedit
455 3412 481 3466 Q,
492 3413 595 3456 scevola
614 3413 638 3456 P.
649 3411 728 3466 Filius,
740 3411 766 3455 in
786 3411 861 3455 curuli
873 3411 954 3456 AEdrli·

79 3478 82 3484 ·
115 3493 123 3505 .
234 3476 313 3508 vnec.
355 3495 364 3508 .
