2054 3946
93 189 132 244 82
413 180 461 225 nu
484 180 659 227 orrrcrrs.

94 339 184 396 OAP.
200 338 312 396 XXXI.
351 336 447 395 Suam
461 337 628 414 ingenium,
643 344 671 395 et
684 354 813 405 noscere,
830 342 858 395 et
871 336 966 415 aequal,-

134 426 161 475 et
181 418 324 475 botrorum
346 417 537 475 elvitiorum
558 434 690 485 ariorum,
712 435 812 475 aaran
840 416 967 495 judicem

133 516 164 554 ae
178 515 318 573 quemque
328 498 465 574 praebere.

133 626 284 682 Auuouuu
305 636 397 681 autem
413 624 535 682 tenenda
549 633 615 681 sunt
639 643 691 681 sua
711 624 827 696 cuique,
843 643 901 683 non
914 626 969 683 viri·

94 723 154 771 osa,
177 704 228 760 sed
250 716 343 761 tamen
370 707 495 780 propria,
517 723 573 776 quo
594 704 705 761 facilius
727 703 875 771 decorum,
896 704 969 773 illud,

95 783 171 855 quod
186 784 351 855 quaerimus,
366 786 527 841 retineatur.
570 785 620 840 ste
640 785 718 841 eninr
738 794 784 840 est
803 782 969 849 laciendum,

94 874 124 919 ut
145 878 243 920 eontra
263 865 424 921 universam
449 875 576 920 naturam
598 863 671 920 nihil
691 862 916 921 contendamus:
942 880 971 921 ea

94 956 188 1000 temen
210 954 386 1010 conservata,
409 945 552 1019 propriam
579 953 708 999 naturam
731 962 907 1014 sequamur;
934 952 971 1010 ut.

94 1023 179 1079 etiam
201 1023 225 1078 si
247 1024 305 1078 sint
326 1024 381 1078 alia
401 1024 530 1097 graviora
550 1032 634 1093 atque
657 1023 786 1089 meliora,
808 1032 905 1079 tamen
925 1040 972 1081 not

94 1102 198 1167 studia,
230 1112 331 1158 nostrae
361 1107 484 1158 naturae*
519 1102 627 1177 regula,
655 1102 816 1159 metiamur.
875 1102 973 1175 Neque

94 1182 172 1237 enim
194 1182 292 1237 attinet
312 1200 468 1257 repugnare
490 1192 606 1246 naturae,
629 1199 683 1238 nee
706 1180 864 1252 quidquam
885 1182 972 1253 sequi,

94 1259 173 1332 quod
200 1261 314 1331 assequi
341 1280 398 1318 non
426 1280 523 1332 queas.
567 1261 615 1317 Ex
643 1279 699 1332 quo
728 1262 819 1335 magia
849 1260 972 1337 emergit,

95 1340 177 1411 quale
192 1341 230 1396 sit
250 1339 385 1397 decorum
406 1340 486 1408 illud,
502 1340 578 1406 ideo,
594 1341 661 1411 quia
681 1340 753 1396 nihil
774 1340 859 1397 decet
871 1340 973 1407 inuita,

94 1430 125 1476 ut
145 1420 233 1486 aiunt,
256 1418 406 1486 Minerua,
428 1419 458 1476 id
484 1430 537 1487 est,
560 1419 726 1476 adversante
747 1430 777 1476 et
802 1428 974 1497 repugnante

94 1507 203 1556 natura.

134 1579 260 1636 Omnino
276 1578 300 1634 si
316 1576 472 1649 quidquam
488 1589 532 1635 est
545 1578 691 1645 decorum,
705 1578 777 1635 nihil
791 1587 838 1635 est
851 1579 974 1655 prolecto

94 1660 195 1734 magis,
209 1678 294 1730 quam
305 1657 480 1729 aequabilitas
489 1660 629 1715 universae
639 1660 714 1724 vitae,
727 1667 786 1714 tum
802 1659 974 1735 singularum
1004 1696 1008 1705 ·

94 1739 255 1804 actionum3
284 1757 369 1808 quarn
394 1756 562 1795 conservare
588 1758 646 1795 non
674 1738 779 1812 poesie,
808 1738 835 1794 si
860 1738 975 1795 aliorum

94 1828 221 1873 naturam
243 1818 357 1873 imitans
379 1818 492 1873 omittas
514 1828 600 1874 tuam.
643 1818 684 1875 Ut
697 1818 773 1873 enirn
796 1834 975 1875 sermonem

94 1895 230 1952 debemus
245 1897 297 1961 uti,
309 1897 357 1967 qui
372 1907 455 1953 notus
471 1908 514 1953 est
528 1899 620 1962 nobie,
632 1916 678 1958 ne.
690 1907 720 1953 ut
734 1896 863 1967 quidam,
880 1896 975 1955 Graue

94 1977 181 2031 verba
203 1976 472 2051 inculcantes†·jure
498 1979 606 2052 optimo
630 1976 787 2044 rideamur;
815 1976 859 2032 sie
885 1976 915 2033 in
935 1994 975 2033 ao·

94 2055 188 2111 tiones
203 2074 374 2135 omnemque
386 2057 483 2123 vitam,
497 2058 603 2113 nullam
615 2056 836 2131 discrepantiam
851 2054 975 2113 conferre

95 2134 243 2191 debemus

135 2214 228 2284 Atque
242 2215 303 2271 lraee
318 2213 477 2271 differentia
497 2225 657 2271 naturarum
679 2225 785 2271 tantum
809 2215 898 2273 babet
910 2214 975 2281 vim,
1015 2236 1017 2243 ·

96 2302 127 2349 ut
150 2312 363 2366 nonnumquam
392 2305 512 2352 mortem
533 2296 588 2352 sibi
609 2296 671 2370 ipse
700 2294 881 2352 consciscere
909 2294 976 2353 aliua

404 2484 554 2528 CHAPTER
572 2484 665 2528 XXXI.

129 2601 242 2646 *Studio
261 2601 346 2645 metrae
360 2601 463 2645 nutura.
497 2600 549 2644 The
567 2603 635 2645 MSS.
652 2613 709 2655 vary
729 2600 835 2644 between
852 2601 941 2655 norbo,
957 2602 979 2643 et

95 2657 189 2700 nosue.
223 2655 310 2708 Bislrop
332 2657 416 2698 Pearee
434 2653 519 2697 inserts
536 2654 599 2699 both.
617 2655 666 2698 and
683 2656 703 2698 is
714 2654 824 2697 followed
840 2653 875 2709 by
887 2654 979 2699 Ernestl

96 2709 144 2752 and
156 2708 276 2752 Gernirard
287 2721 292 2748 ε
305 2707 356 2752 that
367 2719 401 2751 we
413 2706 498 2751 statu
507 2709 616 2761 regulule
623 2721 667 2752 our
677 2708 788 2763 pernulla
798 2707 825 2751 iu
835 2707 980 2763 conformiter

96 2762 120 2805 lo
133 2773 175 2804 our
189 2774 244 2822 orvn
256 2762 353 2805 nutrire.
387 2759 446 2821 This
458 2761 610 2804 emendation
623 2774 723 2823 appears
732 2760 851 2815 probable.
887 2763 941 2805 One
950 2752 976 2805 ol'

96 2818 143 2856 two
156 2815 245 2857 similar
254 2813 339 2863 words,
352 2813 471 2863 following
483 2813 540 2857 each
550 2814 622 2862 other,
636 2829 654 2858 rs
667 2829 689 2858 rn
703 2818 765 2857 most
777 2814 868 2867 danger
875 2814 904 2857 of
912 2814 979 2859 beina

97 2867 192 2910 omitted
206 2867 237 2920 by
249 2867 413 2909 transcribere:
430 2872 470 2920 yet
482 2879 507 2908 as
519 2872 562 2910 not
573 2880 586 2910 a
598 2868 673 2917 sinale
685 2870 734 2912 MS.
748 2867 863 2910 hasbeen
876 2866 981 2913 addueed

97 2920 122 2961 in
134 2919 280 3013 whiohdbotlr
292 2920 369 2963 words
387 2932 482 2974 appear,
495 2921 554 2963 their
571 2920 684 2965 insertion
696 2921 721 2965 in
734 2920 774 2964 the
786 2924 837 2965 text
848 2934 928 2965 seems
939 2932 972 2965 mr

97 2978 308 3088 wairddddteuulea.
343 3025 401 3069 This
412 3025 467 3070 verb
477 3026 497 3069 is
508 3026 566 3103 usg‘d
580 3026 610 3081 by
619 3028 697 3071 Cicero
710 3027 734 3071 in
747 3026 786 3070 the
799 3039 870 3070 sense
882 3026 981 3090 olmie-

97 3086 201 3173 altitu
213 3080 356 3185 sibilia
374 3081 717 3184 tribuebuat'tarn
728 3084 981 3185 llirinlblb'

89 3182 188 3229 “Aoud
199 3184 259 3228 allos
272 3185 392 3232 inculcata
402 3187 508 3245 reperies
516 3186 602 3231 inania
611 3187 722 3242 quadarn
729 3186 821 3228 norbet*
