2054 3946
360 473 432 521 cro.
449 473 467 518 1.
500 472 643 519 enarro.
913 475 950 530 oo

71 583 156 644 ratio.
199 581 308 655 Itaque,
323 592 355 640 ut
367 582 497 641 eamdem
512 602 565 640 nos
579 581 747 640 modestiam
764 580 952 656 appellemus·

67 663 112 720 sic
133 661 298 720 delinitura
313 663 428 729 Stoicis,
447 674 478 719 ut
498 663 638 721 modestia
658 663 696 718 sit
715 663 834 718 scientia
855 678 953 717 carum

69 761 176 810 rerum,
193 760 255 814 quaa
278 752 396 818 agentur
409 753 457 799 aut
478 743 616 807 dicentur,
630 741 694 798 loeo
710 761 762 798 suo
777 738 952 798 collocanda·

68 840 143 879 rum.
186 820 230 878 lta
251 822 360 879 videtur
384 821 482 880 eadem
507 823 550 878 vis
572 821 679 879 ordinis
705 832 734 878 et
758 819 953 878 collocationis

69 900 141 958 sore.
185 900 261 957 Nam
278 900 339 979 [et]
355 900 482 958 ordinem
499 902 541 958 sic
562 901 700 958 definiunt
714 900 951 975 compositionem

69 998 165 1037 rerum
180 981 254 1055 aptis
269 992 297 1037 et
311 981 530 1038 accommodatis
545 981 627 1038 locis.
669 980 779 1037 Locum
801 992 893 1036 autern
909 998 953 1035 ac-

69 1060 167 1125 tionis,
184 1061 422 1135 opportunitatem
444 1061 580 1137 temporis
595 1078 658 1116 esse
673 1060 779 1116 dicunt.
823 1059 953 1134 Tempus

68 1149 166 1196 antem
193 1140 313 1196 actionis
335 1150 527 1215 opportunum
551 1140 651 1197 Graece
668 1152 772 1206 saraipta,
790 1138 891 1195 Latine
906 1157 954 1212 ap·

69 1217 192 1292 pellatur
213 1220 335 1276 occasio.
378 1219 427 1276 Sic
448 1220 489 1283 fit,
504 1230 536 1277 ut
556 1218 695 1276 modestia
716 1218 786 1283 haec,
809 1237 893 1288 quam
915 1218 954 1273 ita

70 1299 299 1373 interpretamur,
311 1308 343 1355 ut
357 1297 428 1366 dixi,
442 1300 561 1356 seientia
575 1299 612 1354 sit
624 1298 842 1374 opportunitatis
857 1296 954 1354 idone-

70 1395 155 1434 orum
169 1376 205 1433 ad
219 1377 360 1454 agendum
375 1389 545 1453 temporum.

112 1455 172 1512 Sed
192 1467 287 1532 potest
306 1457 406 1515 eadem
427 1476 490 1514 esse
512 1456 668 1533 prudentiae
684 1456 820 1523 definitio,
842 1456 876 1512 de
898 1474 955 1527 qua

70 1536 215 1612 principio
230 1535 372 1593 diximus:
395 1538 449 1594 hoo
464 1549 557 1594 autem
567 1537 642 1599 ‚loco
658 1535 692 1592 de
708 1536 911 1601 moderatione,
926 1545 955 1592 et

70 1616 268 1691 temperantia,
290 1626 432 1674 eteorum
455 1617 596 1673 similibus
618 1616 766 1671 virtutibus
788 1617 953 1686 quaerimus.

71 1695 182 1768 ltaque,
198 1714 261 1766 quae
285 1706 364 1753 erant
388 1696 544 1773 prudentiae
570 1695 694 1771 propria,
716 1714 768 1750 suo
793 1694 857 1751 loeo
880 1694 956 1751 dicta

71 1785 149 1832 sunt.
191 1775 261 1840 Qua
276 1786 369 1832 autern
389 1776 490 1833 harum
505 1775 650 1840 virtutum,
666 1772 701 1829 de
716 1774 818 1845 quibus
829 1775 888 1849 jam
905 1773 953 1830 diu

70 1854 227 1926 loquimur,
242 1873 305 1926 quac
327 1856 469 1931 pertinent
482 1854 518 1911 ad
532 1853 741 1920 verecundiam,
757 1862 786 1908 et
807 1853 841 1908 ad
856 1871 953 1910 eorum

72 1935 318 2008 approbationem,
353 1936 520 2007 quibuscum
559 1935 693 1999 vivimus,
723 1951 797 1989 nunc
835 1931 956 1989 dicenda

73 2023 151 2071 sunt.
932 2077 934 2080 Α

114 2092 196 2149 'l’alis
211 2092 354 2167 est-igitur
368 2092 437 2150 ordo
452 2094 594 2149 actionum
608 2091 795 2158 adhibendus,
806 2102 845 2157 ut,
857 2109 956 2162 quena-

72 2170 227 2228 admodum
249 2173 421 2230 irroratione
442 2173 593 2239 constanti,
609 2174 651 2229 sic
665 2174 695 2228 in
710 2172 766 2228 vita
781 2173 877 2233 omnia
898 2171 955 2229 sint

73 2262 141 2326 apta
154 2251 227 2308 inter
248 2271 278 2308 se
293 2261 322 2307 et
335 2253 543 2309 convenientia.
586 2253 685 2326 Turpe
706 2262 750 2308 est
770 2252 845 2308 enim
861 2251 955 2308 valde-

73 2349 131 2402 que
146 2331 290 2397 vitiosum,
306 2331 335 2387 in
350 2350 379 2387 re
394 2351 493 2388 severa
505 2333 629 2388 convivii
643 2331 727 2397 dicta,
743 2341 789 2387 aut
803 2331 954 2388 delicatum

73 2411 199 2481 aliquem
214 2411 317 2467 inferre
329 2429 501 2468 sermonem.
544 2412 623 2468 Bene
638 2412 775 2476 Pericles,
790 2431 853 2468 cum
870 2412 955 2468 habe·

72 2498 117 2546 ret
131 2489 269 2564 collegam
285 2491 314 2546 in
335 2501 455 2564 praetura
469 2491 643 2566 Sophocleo,
660 2491 745 2562 hique
761 2490 795 2566 de
810 2491 955 2567 communi

73 2567 171 2625 officio
185 2570 396 2635 convenissent,
411 2580 440 2625 et
453 2589 520 2626 casu
536 2570 677 2626 formosus
699 2590 769 2645 puer
791 2571 954 2645 praeteriret,

73 2647 251 2720 dixissetque
273 2649 443 2722 Sophocles,
466 2650 525 2706 ⁶⁶0
547 2669 665 2725 puerum
694 2651 854 2725 pulchrum,
877 2650 956 2706 Peri·

73 2727 117 2784 cle
132 2726 162 2784 !’‘
205 2738 224 2763 “
237 2732 275 2784 At
288 2728 364 2784 enim
385 2739 544 2802 praetorem,
560 2729 714 2804 Sophocle,
731 2729 811 2785 decet
832 2748 889 2785 non
910 2747 956 2785 so·

73 2807 133 2864 lum
150 2806 321 2873 manus,sed
337 2809 421 2863 etiarn
432 2809 530 2865 oculos
540 2811 712 2866 abstinentes
728 2808 863 2864 haberc.'’
907 2812 956 2864 At-

73 2904 131 2956 que
153 2886 207 2942 hoc
232 2886 308 2942 idem
330 2887 489 2962 Sophocles
504 2889 528 2945 si
550 2890 580 2945 in
600 2889 765 2945 athletarum
789 2888 955 2962 probatione

72 2965 206 3031 dixisset,
217 2967 295 3040 justa
309 2967 530 3041 reprehensione
545 2969 703 3024 caruisset:
723 2977 798 3022 tanta
813 2966 855 3022 vis
871 2976 957 3023 estet

72 3044 144 3107 loci,
158 3053 186 3100 ct
201 3046 347 3120 temporis

116 3123 166 3188 Ut,
182 3125 206 3180 si
222 3126 281 3195 qni,
297 3145 362 3182 eum
377 3146 490 3183 causam
506 3127 544 3182 sit
558 3137 680 3190 acturus,
696 3126 725 3180 in
750 3125 849 3181 itinere
866 3125 956 3181 autin

73 3203 264 3260 ambulatione
286 3223 382 3262 secum
401 3207 463 3281 ipse
488 3206 664 3271 meditetur,*
680 3214 727 3260 aut
747 3205 854 3279 siquid
880 3205 956 3261 aliud

108 3333 122 3360 *
133 3329 269 3375 Meditabar.
304 3332 355 3376 The
367 3333 466 3383 original
478 3333 588 3387 meaning
597 3331 624 3374 of
632 3331 677 3376 this
686 3330 740 3374 verb
753 3344 854 3386 appears
864 3331 955 3384 trlhdve

72 3383 134 3427 been
157 3389 181 3426 to
199 3385 313 3433 rebeccae,
336 3398 363 3428 or
382 3387 483 3440 praecise
502 3385 650 3435 bchtrcltand,
668 3384 788 3430 recitation
810 3398 835 3427 or
853 3386 980 3441 sirtaiqsrpa

72 3438 108 3482 lts
120 3436 250 3480 derivation
263 3451 318 3493 may
328 3439 355 3478 bo
367 3439 426 3482 from
438 3440 530 3482 Melos:
544 3439 568 3482 in
579 3439 662 3481 Greek.
672 3441 711 3483 the
720 3450 784 3480 same
796 3438 971 3484 resemblauccj'

73 3502 177 3546 ertpears
194 3491 299 3536 between
312 3490 409 3545 pediam,
420 3505 445 3537 or
459 3490 557 3548 μήὸομαι,
570 3491 621 3536 and
638 3493 709 3545 μέλος,
741 3488 960 3553 8ς)οτιί(ιιιςςοῖ“[)εέΙ
