2054 3946
357 470 429 527 ere.
444 480 497 527 111.
530 482 608 537 cnr.
625 482 658 527 x.
897 489 951 543 luo

68 590 182 669 genens
207 590 402 656 totius‚breve
425 600 454 647 et
478 610 535 648 non
560 590 674 648 difficile
697 600 870 666 praeceptum
897 604 950 649 est.

69 671 141 736 Quae
157 671 235 727 enim
251 669 380 726 videntur
393 671 482 737 utilia,
498 671 632 736 honores,
648 670 764 737 divitiae,
781 672 950 746 voluptates,

68 759 165 807 eetera
177 750 290 824 generis
304 748 444 824 ejusdem,
457 750 517 807 haec
532 750 662 807 amicitie
679 768 821 820 nunquam
837 761 952 826 antapo-

68 828 166 887 nenda
192 838 268 886 sum.
310 830 348 884 At
374 847 465 899 neque
492 842 589 886 contra
614 823 829 903 rempublicam,
858 848 952 901 neque

68 918 170 965 eontra
185 908 235 983 jus
252 906 405 983 jurandum
428 927 461 964 ae
475 907 571 974 iidem,
588 908 671 964 amici
693 926 787 973 causa,
804 910 951 965 virbonus

68 986 174 1054 seciet3
197 1006 232 1044 ne
247 987 272 1042 si
290 986 380 1062 judex
395 987 510 1058 quidem
526 988 579 1043 erit
593 987 627 1043 de
642 987 706 1062 ipso
721 988 822 1044 amico.
865 989 953 1044 Ponit

68 1067 150 1123 enim
174 1084 325 1142 personam
351 1067 445 1133 amici,
467 1086 532 1123 cum
553 1065 645 1122 induit
667 1066 785 1142 judicis.
827 1067 953 1124 Tantum

69 1145 151 1202 dabit
164 1146 306 1211 amicitiae,
320 1155 353 1202 ut
366 1165 460 1202 veram
474 1140 566 1202 'amici
587 1164 701 1202 causam
723 1165 786 1202 esse
803 1146 899 1211 malit;
923 1158 953 1203 ut

69 1223 186 1283 orandae
206 1225 264 1282 litis
286 1235 409 1300 tempus,
431 1225 524 1298 quoad
545 1244 596 1301 per
616 1225 713 1301 leges*
735 1225 828 1291 liceat,
845 1245 954 1283 accom-

70 1303 181 1361 modet.
670 1362 681 1381 ,-

113 1383 191 1439 Cum
213 1400 279 1438 vero
296 1383 390 1458 jurato
412 1383 552 1440 sententia
572 1382 691 1439 dicenda
712 1384 757 1449 sit,
781 1384 951 1450 meminerit,

71 1461 158 1518 deum
174 1479 205 1518 se
225 1461 357 1518 adhibere
373 1473 483 1529 testem,
499 1462 527 1518 id
548 1474 600 1528 est,
616 1472 647 1518 ut
660 1481 714 1538 ego
734 1463 861 1527 arbitror,
877 1481 954 1520 men·

71 1552 132 1597 tem
146 1540 253 1606 suam‚†
266 1560 322 1612 qua
343 1542 413 1598 nihil
434 1541 544 1597 homini
558 1540 636 1597 dedit
649 1542 719 1598 deus
740 1542 803 1616 ipse
817 1540 951 1598 divinius.

73 1620 173 1692 ltaque
196 1621 359 1694 praclarum
380 1641 397 1676 a
417 1622 570 1696 majoribus
592 1622 753 1696 accepimus
781 1639 888 1676 morem
911 1640 954 1678 ro·

73 1699 159 1776 gandi
177 1698 294 1775 judicis,
310 1700 414 1756 sicum
437 1710 608 1766 teneremus,
625 1719 686 1771 quae
700 1700 778 1755 salva
792 1698 847 1754 fide
862 1699 953 1756 lacere

73 1780 194 1854 possitss
233 1778 306 1835 Haec
326 1780 434 1854 rogatio
450 1778 484 1834 ad
499 1798 533 1834 ea
553 1779 684 1853 pertinet.
701 1797 763 1850 quae
785 1778 870 1852 paulo
890 1793 953 1835 ante

74 1858 135 1916 dixi
151 1858 269 1914 honeste
288 1859 380 1915 amico
395 1877 411 1913 a
428 1857 526 1934 judice
549 1876 634 1932 posse
656 1857 783 1913 concedi.
826 1857 913 1922 Nam,
929 1860 954 1915 si

73 1938 171 1995 omnia
191 1936 320 1993 facienda
343 1947 417 2002 sunt,
434 1956 495 2008 quae
520 1938 603 1993 amici
627 1937 724 2004 velint,
744 1955 800 1993 non
822 1937 953 1993 amicitie

73 2016 144 2074 tales
158 2035 165 2082 3
187 2015 237 2071 sed
253 2016 462 2092 conjurationes
478 2016 608 2090 putandae
623 2027 698 2072 sunt.

113 2095 232 2166 Loquor
247 2106 340 2152 autem
360 2094 395 2150 de
416 2097 615 2152 communibus
637 2094 779 2151 amicitiis.
821 2095 908 2161 Nam,
924 2096 953 2153 in

73 2175 250 2249 sapientibus
271 2175 339 2231 viris
361 2174 562 2249 perfectisque,
586 2175 658 2230 nihil
682 2184 777 2249 potest
801 2193 865 2231 esse
888 2175 952 2231 tale.

74 2253 237 2311 Damonem
272 2263 300 2310 et
334 2255 506 2327 Phintiam‚§
535 2254 744 2329 Pythagoreos
773 2253 867 2311 serunt
898 2254 954 2311 hoe

106 2386 120 2412 *
134 2378 219 2431 Quoad
226 2388 268 2434 per
280 2380 348 2433 leges.
382 2379 434 2422 The
451 2378 519 2433 delay
530 2378 629 2422 allowed
647 2382 671 2422 to
683 2377 721 2422 the
738 2378 831 2433 litigent
843 2384 912 2434 party
924 2381 954 2436 by

72 2432 114 2476 the
129 2430 210 2494 judge,
223 2431 296 2476 either
313 2435 431 2487 comporta
449 2432 506 2475 with
518 2431 557 2475 the
570 2431 630 2493 lawe
645 2432 693 2494 and
708 2431 749 2496 the
762 2433 863 2486 practice
875 2436 902 2478 of
916 2435 955 2478 the

72 2484 951 2601 {hathagathtlt:„lllltt‘tlaaut”andhausei

73 2592 114 2635 the
126 2591 195 2646 delay
206 2603 268 2634 were
280 2591 378 2652 allowed
389 2589 421 2644 by
432 2602 486 2644 way
498 2591 525 2634 of
538 2591 626 2644 favour,
639 2591 660 2635 rs
673 2591 711 2635 the
721 2591 763 2646 Jud
780 2605 801 2652 e,
814 2604 839 2636 m
853 2595 920 2637 order
931 2598 954 2637 to

72 2643 250 2690 accommodate
262 2656 308 2687 one
320 2644 412 2695 litigant
429 2648 505 2698 party,
517 2643 553 2687 his
565 2657 619 2688 own
637 2644 745 2699 personal
768 2645 841 2699 nand,
853 2646 901 2689 and
913 2651 956 2690 not

73 2699 99 2742 in
111 2698 255 2750 conformity
266 2697 324 2740 with
336 2697 375 2740 tho
392 2697 461 2740 usual
478 2697 586 2751 practice,
598 2698 663 2741 takes
676 2709 707 2740 on
725 2697 775 2740 him
786 2700 809 2740 to
821 2698 861 2749 fix,
873 2711 899 2742 or
929 2705 955 2744 ut

71 2751 114 2802 off,
123 2751 164 2794 the
176 2750 205 2793 da
232 2750 259 2794 of
267 2751 371 2804 hearing,
383 2749 493 2793 in'ustice
503 2751 582 2794 would
594 2750 904 2805 clearlyhedonetotheo
930 2764 955 2796 er

73 2808 152 2861 party.
165 2815 195 2846 an
221 2803 259 2847 the
268 2803 342 2858 judge
351 2763 431 2846 would
443 2803 527 2846 violate
539 2803 574 2865 his
586 2804 651 2865 duty.
776 2855 781 2864 ι

107 2856 124 2914 †
137 2857 352 2900 Deum-mentem
363 2868 442 2900 auum.
476 2856 526 2899 The
539 2857 638 2918 divinrty
651 2856 678 2899 of
691 2854 729 2898 the
750 2855 824 2908 rnrnd,
835 2869 861 2899 as
873 2857 955 2911 taught

74 2910 107 2964 by
119 2911 194 2962 Plato,
204 2911 260 2961 Lar.
271 2921 302 2962 x.,
316 2909 363 2952 had
373 2908 433 2952 been
447 2909 523 2952 before
535 2908 677 2953 maintained
689 2907 721 2962 by
733 2909 819 2961 Cicero,
831 2909 906 2953 under
917 2911 955 2955 the

74 2974 161 3019 person
175 2963 202 3004 of
215 2962 294 3016 Scipio
310 2962 443 3006 Africanus.
478 2965 559 3007 somn.
573 2962 636 3017 scip.
648 2963 749 3005 “Deum
766 2964 789 3004 te
808 2962 878 3016 igitur·
897 2964 955 3007 scito

74 3027 143 3061 esse:
161 3014 278 3069 siquidem
299 3015 358 3059 deus
378 3019 414 3058 est
433 3015 474 3069 qni
487 3016 555 3065 viaet,
567 3016 608 3070 qui
628 3015 706 3060 sentit.
724 3014 764 3067 qui
782 3015 895 3065 meminit,
913 3017 955 3070 qni

74 3067 188 3124 providet,
200 3068 241 3122 qui
254 3072 301 3112 tam
314 3069 373 3121 regit
390 3073 414 3111 et
433 3068 564 3112 moderatur
574 3074 598 3112 et
614 3070 692 3111 movet
704 3067 726 3110 id
744 3079 837 3121 corpus,
848 3069 886 3112 cui
898 3081 955 3124 pra>-

74 3122 169 3180 poaitus
180 3125 216 3164 est
226 3133 297 3175 quam
311 3123 374 3165 hune
385 3122 501 3164 mundum
514 3122 624 3176 princeps
636 3121 674 3164 ille
686 3121 777 3169 Deus,”
790 3117 837 3164 &a

109 3179 122 3225 ᾧ
136 3174 222 3218 Facere
232 3174 313 3229 pocot.
347 3174 453 3218 Another
471 3174 541 3228 proof
552 3174 606 3217 here
624 3174 695 3217 anses
708 3173 733 3216 of
746 3172 785 3216 the
802 3174 903 3227 practice
914 3186 955 3217 cx·

75 3229 148 3282 lating
161 3228 186 3270 in
199 3228 281 3280 Rome,
291 3240 317 3271 as
329 3228 353 3271 in
366 3229 463 3279 Frunee,
474 3228 502 3270 of
508 3228 624 3276 solicitius
633 3226 725 3281 judges,
733 3225 779 3268 and
789 3227 852 3270 ofits
863 3226 955 3270 abusos.

74 3282 150 3328 mom
161 3293 207 3326 aar
219 3282 334 3324 counione
346 3291 382 3325 we
393 3281 473 3324 receive
485 3292 519 3324 an
537 3281 651 3325 excellent
663 3281 753 3324 caston
767 3279 800 3334 (if
815 3292 850 3323 we
863 3280 905 3323 but
916 3279 955 3322 ad·

74 3334 131 3378 here
142 3337 166 3376 to
178 3333 208 3387 itt
222 3333 249 3389 (ff
261 3333 378 3388 soliciting
387 3345 414 3377 or
424 3333 569 3396 palilioning
581 3333 656 3388 ajud
675 3343 686 3375 e
703 3332 731 3375 in
743 3332 803 3377 lheee
814 3333 912 3379 words.-
929 3331 954 3389 id

74 3388 134 3434 wilh
144 3398 160 3430 u
171 3385 222 3449 rufe
230 3386 440 3441 conscience-efai
452 3398 495 3448 eon
507 3346 687 3448 honcrtyotlylle
699 3385 765 3429 done.

110 3439 272 3494 §Phintiam
305 3440 357 3484 The
368 3451 439 3483 name
456 3453 476 3483 rs
493 3439 547 3483 thus
565 3451 636 3493 glven
651 3439 682 3494 by
693 3438 815 3495 Plutarch3
830 3452 878 3491 περι
917 3492 921 3497 Ι

75 3493 158 3545 φιλίας.
170 3492 207 3536 93.
239 3492 491 3549 ByotheraPutlu'ua.
524 3491 754 3539 Veler.Max.iv.'t.
930 3496 935 3529 -“

494 3553 549 3610 lu*
