2054 3946
101 193 155 248 146
401 190 447 235 DE
473 188 659 235 OFFICHS.

96 298 226 355 beneficii
240 297 377 366 oderunt;
399 317 519 370 eamque
535 298 666 375 injuriam
681 299 711 355 in
725 296 899 357 deterrauda
917 298 979 359 libc-

95 378 202 434 ralitate
217 379 272 435 sibi
286 380 371 434 etiam
387 379 467 445 fieri;
488 397 622 450 eumque,
632 377 786 451 quilaciat,
799 397 977 437 communem

95 456 207 513 hostem
223 460 382 514 tenuiorum
398 468 506 532 putant.
550 462 642 529 Atque
652 458 712 515 haeo
721 456 890 533 benignitas
900 458 976 517 etiam

94 537 258 610 reipublicae
273 549 317 592 est
330 537 418 603 utilis,
435 537 535 593 redimi
549 556 564 593 e
579 538 714 593 servitute
729 549 844 611 captos,
860 538 977 614 locuple·

95 617 148 671 tari
169 617 329 673 tenuiores:
353 616 429 688 quod
444 616 559 687 quidem
576 616 659 691 vulgo
673 615 792 672 solitum
806 614 875 674 fieri
894 614 927 673 ab
940 636 977 675 or·

96 694 162 750 dine
177 700 302 763 nostro?
316 695 345 751 in
355 696 481 752 oratione
495 694 607 756 Crassii
619 695 757 770 scriptum
770 697 894 769 copiose
908 694 977 754 vidc-

96 792 170 830 mus.
214 774 296 831 Hanc
306 775 387 850 ergo†
396 774 631 831 consuetudinem
642 774 827 849 benignitatis
839 774 976 851 largitioni

96 870 245 910 munerum
257 854 342 929 longe
354 864 506 929 antepono.
549 853 621 911 Haec
632 864 675 909 est
686 854 817 929 gravium
833 854 975 911 hominum

97 943 180 1003 atque
197 951 381 1008 magnorum:
404 934 453 989 itta
467 932 549 1004 quasi
564 943 769 989 assentatorum
785 934 900 1008 populi,
912 932 977 991 mul·

98 1010 224 1067 titudinis
238 1013 378 1068 levitatem
394 1013 537 1088 voluptate
554 1013 634 1083 quasi
650 1012 837 1070 titillantium.

136 1090 297 1148 Conveniet
310 1102 401 1148 antem
417 1112 480 1148 curn
497 1092 526 1148 in
541 1090 633 1148 dando
648 1091 817 1149 munificum
832 1102 976 1159 esse,tuo1

98 1170 125 1226 in
140 1170 281 1246 exigendo
297 1190 352 1228 non
368 1173 516 1237 acerbum3
539 1172 568 1229 in
583 1172 718 1242 omnique
732 1189 763 1227 re
777 1170 975 1237 contrahenda,

99 1248 255 1315 vendendo,
270 1250 401 1315 emendo,
422 1250 618 1317 conducendo,
634 1248 764 1316 locando,
788 1250 976 1308 vicinitatibus

97 1339 125 1384 et
138 1330 270 1386 confiniis
286 1349 397 1401 aequum
411 1340 438 1385 et
453 1330 575 1398 facilem,
586 1330 674 1386 multa
688 1329 785 1386 multis
800 1328 838 1387 de
848 1330 916 1407 jure
929 1344 977 1387 suo

97 1407 261 1465 cedentem:
285 1429 301 1465 a
321 1410 417 1466 litibus
432 1429 509 1475 vero,
525 1420 660 1480 qnantum
681 1408 774 1475 liceat,
789 1420 820 1466 et
833 1410 933 1467 nescio
946 1428 975 1467 an

97 1488 191 1562 paullo
207 1490 270 1563 plus
285 1490 368 1545 etiam
381 1507 464 1559 quarn
478 1490 571 1555 liceat,
582 1489 789 1544 abhorrentem.
833 1488 893 1547 Est
905 1488 975 1547 eninr

97 1586 153 1624 non
168 1567 253 1625 modo
268 1568 393 1633 liberale,
409 1568 532 1641 paullum
555 1587 612 1625 non
636 1586 780 1639 nunquam
796 1566 832 1625 de
847 1586 903 1625 suo
918 1568 977 1645 jure

97 1645 242 1714 decedere,
257 1647 307 1703 sed
331 1647 470 1702 interdum
492 1648 577 1704 etiarn
603 1647 788 1703 fructuosum.
842 1648 977 1706 Habenda

97 1738 189 1783 autern
210 1728 280 1784 ratio
295 1738 338 1783 est
358 1727 398 1782 rei
420 1726 575 1793 familiaris,
590 1745 675 1798 quam
697 1725 815 1798 quidem
838 1726 926 1785 dilabi
944 1728 977 1785 ci·

97 1824 174 1871 nere,
195 1806 368 1881 flagitiosum
389 1818 452 1863 est:
476 1805 526 1861 sed
546 1806 594 1872 ita,
617 1815 648 1861 ut
671 1806 871 1863 illiberalitatis
897 1808 977 1865 avari·

98 1885 198 1955 tiaeque
214 1886 287 1942 absit
300 1886 437 1961 suspicio.
480 1885 570 1942 Posse
586 1885 662 1942 enim
675 1885 843 1942 liberalitate
860 1888 912 1953 uti,
925 1904 977 1943 nou

97 1965 265 2038 spoliantem
280 1984 311 2021 se
326 1964 507 2040 patrimonio,
520 1965 654 2021 nimirum
669 1965 693 2021 is
709 1975 753 2020 est
766 1965 899 2040 pecunie
911 1966 978 2023 huc·

98 2053 141 2098 tus
164 2045 314 2101 maximus.
358 2044 446 2101 Recte
461 2045 546 2101 etiam
561 2064 577 2099 a
592 2044 794 2119 Theophrasto
807 2054 853 2101 est
871 2044 978 2103 laudati.

97 2122 285 2196 hospitalitas
327 2123 384 2180 Est
397 2125 484 2189 enim,
500 2134 531 2180 ut
545 2123 616 2180 mihi
630 2123 746 2195 quidem
762 2123 886 2191 videtur,
903 2124 978 2183 valde

97 2200 241 2269 decorum,
254 2214 349 2277 patere
362 2202 479 2276 domus§
494 2204 642 2260 hominum
657 2203 810 2260 illustrium
824 2204 978 2261 illustribus

96 2281 275 2355 hospitibus:
298 2282 383 2354 idque
398 2283 483 2339 etiam
497 2282 659 2357 reipublicae
675 2293 719 2338 est
738 2294 919 2353 ornamento,
933 2284 979 2341 ho·

96 2360 188 2417 mines
210 2372 343 2418 externos
365 2362 419 2418 hoc
440 2363 615 2419 liberalitatis
630 2380 733 2436 genere
749 2362 779 2418 in
795 2363 865 2420 urbe
887 2373 980 2421 uostm

96 2458 153 2497 non
168 2459 262 2516 egere.
304 2441 360 2498 Est
380 2452 473 2498 autem
488 2442 572 2498 etiam
589 2441 771 2497 vehementer
786 2432 859 2499 utile'
871 2442 919 2509 iis,
934 2442 979 2515 qui

128 2669 142 2698 t
155 2663 190 2708 Ab
202 2662 281 2708 ordine
293 2664 378 2707 nostro.
412 2664 459 2707 Not
472 2662 502 2716 by
514 2661 552 2705 the
565 2660 682 2715 assembly
693 2660 721 2704 of
734 2672 831 2758 augure,
843 2659 924 2704 which
934 2670 982 2703 rrae

95 2716 263 2760 denominated
277 2716 410 2770 collegium,
428 2716 469 2759 but
491 2716 522 2770 by
542 2716 581 2760 the
598 2719 687 2769 senate,
703 2712 764 2758 whrc
800 2726 853 2758 was
872 2713 980 2785 propcdy

95 2769 184 2813 utrmed
196 2769 329 2815 senatorius
339 2768 398 2813 ordo.

155 2823 244 2868 crassi.
279 2824 305 2868 L.
316 2824 431 2866 Crassus:
448 2822 553 2875 recentiy
565 2820 652 2864 named
664 2820 689 2863 in
700 2820 740 2864 the
754 2818 809 2864 teth
821 2818 929 2876 chapter.

154 2877 221 2921 Hanc
231 2888 293 2930 crgo.
328 2877 357 2920 In
370 2875 443 2928 citing
452 2875 497 2918 this
527 2887 616 2927 assatre,
628 2874 766 2918 Lactantius
776 2875 853 2929 reads,
865 2879 910 2919 not
920 2884 981 2927 ego,

95 2928 136 2972 but
147 2939 205 2983 ego,·
225 2929 310 2981 which,
322 2928 415 2981 indeed,
427 2929 447 2989 is
455 2887 531 2990 littei}
542 2908 607 2989 tobe
618 2926 657 2971 the
668 2931 719 2988 true
737 2926 845 2981 reading.
873 2926 981 2990 ,ΜΨ

96 2981 172 3034 borch,
184 2983 208 3027 in
227 2981 262 3025 his
280 2981 388 3025 vnluable
405 2981 494 3025 edition
507 2981 534 3024 oi
548 2983 616 3034 Lrvy,
627 2993 718 3024 xxxvn.
730 2980 767 3024 53.
781 2983 817 3035 ll,
828 2984 923 3026 notrccs
939 2979 981 3025 ibt!

95 3046 157 3078 error
171 3047 197 3078 as
209 3036 346 3092 frequently
356 3035 493 3078 committed
504 3034 536 3087 by
548 3033 706 3078 transcribers.
780 3086 786 3095 Ι

128 3086 142 3140 ἐ
156 3089 258 3132 Domus.
292 3088 344 3132 The
362 3088 459 3132 ancient
476 3086 575 3131 formos
587 3086 633 3130 this
651 3098 726 3138 noun,
737 3085 834 3131 derived
845 3087 910 3132 from
921 3086 981 3140 lice,

91 3151 145 3238 ,ψεὲ
155 3139 229 3239 (palpo
240 3140 319 3186 fourth
329 3141 473 3187 deciension.
508 3140 562 3185 Sive
572 3139 657 3184 demtis
665 3139 928 3196 sit-Empton-Hor.
937 3141 981 3185 lat.
