2054 3946
322 760 357 812 M.
374 758 493 811 TULLII
517 758 705 810 CICERONIS

260 936 454 1015 oneo
503 925 762 1033 Meroe,

418 1120 420 1126 Ι
484 1146 536 1190 SEU

156 1307 871 1418 DESENEOTUTE,

496 1516 530 1558 io

235 1681 274 1740 T.
295 1678 552 1739 POMPONIUM
573 1679 778 1739 ATTIOUM.

431 1921 601 1935 Ἥ

185 2096 204 2141 Ι.
222 2096 263 2140 “0
274 2094 344 2141 rice!
361 2095 381 2139 sl
391 2094 446 2153 quid
456 2106 498 2196 εἷο
508 2093 595 2152 adjuro,
605 2107 714 2164 curamve
724 2095 824 2149 levasso,

244 2156 301 2208 Quae
311 2167 373 2199 nunc
384 2157 408 2198 te
418 2166 476 2221 coqu
486 2159 504 2208 t,
514 2159 538 2199 et
548 2158 627 2199 vereat
637 2167 661 2198 ιι]
672 2158 764 2212 pectore
775 2153 831 2209 fixa,

244 2213 334 2272 Ecquid
345 2213 389 2258 erit
399 2213 468 2270 pretii
476 2210 504 2259 ?''

64 2308 143 2426 ¹3⁰3·
153 2307 219 2384 enim
230 2306 336 2356 versibus
352 2305 438 2355 iisdem
454 2304 514 2354 mihi
530 2303 597 2355 afferi
614 2313 645 2365 te,
661 2304 749 2365 Attice,
760 2304 847 2370 quibus
864 2302 947 2356 affatur

97 2388 233 2425 amrmnum

191 2475 207 2513 ‘f
213 2472 258 2517 Ille
268 2471 313 2527 vir,
323 2471 383 2516 houd
393 2483 539 2530 magnacum
549 2485 582 2528 re,
592 2470 633 2516 scd
642 2473 723 2529 plenu’
733 2471 786 2516 fidel
794 2471 818 2527 ;”

64 2581 210 2631 quamquam
221 2572 284 2614 certo
296 2562 352 2624 ecio,
364 2580 421 2625 non,
432 2572 460 2614 ut
471 2562 643 2624 Flamininum,

224 2663 371 2708 “Sollicitari
380 2667 413 2718 te,
423 2663 485 2719 Tite,
496 2663 528 2709 sic
539 2668 664 2723 noctesque
674 2664 794 2721 diesque.”

63 2754 131 2804 Novi
143 2755 208 2805 enim
220 2754 405 2804 moderationem
415 2753 489 2803 animi
500 2754 731 2818 tni,etoequitatcm;
748 2762 820 2817 teque
831 2771 881 2804 non
893 2772 949 2818 cog·

64 2838 154 2871 nomen
166 2825 244 2871 solum
255 2820 358 2870 Athenio
369 2820 510 2885 deportasse,
518 2821 560 2870 sed
570 2821 744 2870 humanitatem
756 2829 779 2870 et
790 2822 948 2884 prudentiam,

63 2889 178 2952 intelligo.
211 2887 246 2938 Et
262 2896 342 2937 tomen
359 2887 474 2952 auspicor,
485 2887 568 2937 iisdem
585 2890 656 2936 rebus
673 2898 704 2946 te,
718 2889 804 2952 quibus
822 2888 948 2952 meipsum,

63 2955 184 3005 interdum
195 2954 291 3018 gravius
308 2952 467 3014 commoveri;
484 2969 585 3018 quarum
602 2954 732 3004 consolatio
743 2963 768 3004 et
784 2954 858 3019 major
869 2964 913 3014 est,
924 2964 948 3006 et

64 3021 91 3072 in
103 3024 167 3072 aliud
179 3031 273 3086 tempus
285 3019 421 3072 differenda.
455 3019 531 3071 Nunc
547 3030 628 3070 eutem
645 3021 705 3070 milri
717 3022 795 3070 visum
812 3031 848 3070 est
865 3022 894 3070 de
912 3039 948 3070 se·

63 3098 160 3140 nectute
177 3089 266 3153 aliquid
283 3090 312 3138 nd
330 3098 354 3138 te
372 3089 524 3138 conscribere.
558 3086 614 3138 Hoc
633 3087 698 3138 enim
717 3103 795 3146 onere,
813 3088 877 3151 quod
888 3087 948 3137 mihi

64 3167 144 3207 tecum
155 3172 283 3207 commune
294 3164 338 3214 eet,
349 3164 391 3206 cut
399 3157 450 3221 jem
462 3155 568 3216 urgentis
580 3163 621 3204 out
632 3163 694 3204 certe
705 3155 855 3204 adventantis
866 3171 948 3205 senec·

63 3224 129 3282 tutis,
140 3231 165 3273 et
180 3232 204 3273 te
221 3233 245 3274 et
262 3222 380 3288 meipsum
395 3222 466 3273 levari
483 3224 551 3271 volo:
569 3223 614 3272 etei
631 3230 655 3271 te
672 3221 767 3286 quidem
779 3221 802 3271 id
815 3221 947 3271 modice'ao

62 3288 182 3354 sapienter
195 3291 268 3355 (sicut
285 3289 379 3354 omnia)
392 3299 417 3338 et
432 3288 491 3338 serre
503 3296 527 3338 et
538 3289 641 3338 laturum
658 3305 717 3349 esse,
728 3298 792 3339 certo
809 3289 865 3338 scio.
899 3287 948 3338 Sed

63 3358 130 3416 mihi,
138 3358 231 3408 cumde
243 3365 364 3407 senectute
371 3355 459 3420 aliquid
468 3357 553 3406 vellem
565 3355 671 3417 seribere,
679 3364 706 3406 tu
714 3357 851 3406 occurrebas
859 3354 947 3415 dignun

62 3440 91 3475 oo
102 3441 209 3486 munere,
220 3441 268 3491 qno
279 3433 378 3489 uterque
389 3432 497 3475 nostrum
508 3423 665 3474 communiter
676 3432 788 3474 uteretur.
822 3420 884 3472 Mihi
896 3421 947 3485 qui·
970 3418 973 3425 '

830 3489 880 3537 239
911 3498 968 3675 ς
