2054 3946
330 478 471 525 urnrrr.
505 479 582 524 car.
599 478 692 524 xvrt
887 485 946 542 203

64 588 150 649 civile
165 606 229 646 esse
244 587 402 646 voluerunt.
446 587 529 654 Quod
544 588 637 654 civile,
651 606 707 645 non
722 586 795 644 idem
811 589 946 647 continuo

64 669 213 745 gentium3
236 667 310 740 quod
326 679 419 724 antem
433 668 569 743 gentium,
586 667 661 724 idem
677 667 760 723 civile
773 687 837 723 esse
853 668 944 726 debet.

62 748 122 807 Sed
138 766 192 805 nos
208 748 267 804 veri
277 747 362 823 juris,
378 766 575 822 germaneque
588 747 706 823 justitioe
722 747 841 803 solidam
857 758 884 803 et
898 767 946 804 ex-

63 844 195 903 pressam
207 827 331 902 effigiem
345 827 449 883 nullam
463 836 607 892 tenemus;
623 827 722 882 umbra
733 838 762 882 ct
775 827 946 902 imaginibus

63 907 182 965 utimur.
232 907 291 963 Eas
320 907 397 980 ipsas
424 906 532 962 utinam
560 924 753 978 sequeremur.
807 907 947 963 Feruntur

62 989 143 1043 enim
164 1005 202 1042 ex
223 986 338 1060 optimis
359 995 465 1041 naturae
487 996 515 1041 et
529 985 654 1042 veritatis
675 985 825 1060 exemplis.
870 987 946 1043 Nam

64 1065 164 1138 quanti
180 1067 264 1121 verba
285 1065 343 1130 illa,
358 1082 409 1122 urr
432 1083 472 1122 ure
493 1083 626 1121 rnorren
649 1083 687 1121 re
712 1083 841 1120 rrurrnve
865 1083 947 1122 Tuan

63 1146 176 1203 carrus
191 1162 421 1208 reauonrusoue
438 1162 517 1200 areu.
560 1145 652 1210 Quam
668 1143 716 1200 illa
731 1147 832 1200 aurea!
854 1163 947 1201 mres

64 1240 160 1283 nouos
175 1241 253 1281 eene
267 1242 360 1280 nome
375 1221 542 1300 [eruerer]
559 1241 598 1279 er
612 1242 679 1279 sura
696 1241 916 1280 renouarroum

104 1301 175 1368 Sed,
198 1303 246 1373 qui
272 1304 330 1358 sint
351 1304 429 1367 boni,
451 1302 568 1374 etquid
597 1303 643 1368 sit,
666 1304 737 1359 bene
767 1303 822 1377 agi,
844 1322 947 1379 magna

65 1383 187 1455 questio
201 1391 254 1438 est.
296 1382 332 1447 Q.
349 1382 463 1452 quidem
481 1383 619 1446 Scaevola,
642 1382 771 1457 pontifex
793 1385 944 1449 maximus,

65 1480 207 1519 summam
223 1461 280 1518 vim
295 1460 406 1517 dicebat
425 1480 489 1518 esse
510 1462 540 1518 in
561 1462 692 1518 omnibus
715 1462 749 1517 iis
769 1462 900 1529 arbitriis,
917 1464 946 1519 in

66 1542 170 1613 quibus
192 1540 350 1607 adderetur,
366 1560 406 1597 nx
426 1558 496 1597 riou
519 1559 595 1598 eona
609 1546 634 1608 ς*
656 1541 779 1612 fideique
801 1542 881 1597 bonae
897 1561 946 1599 no·

65 1636 130 1677 men
157 1620 338 1676 existimabat
364 1639 477 1676 manare
503 1620 650 1685 latissime,
674 1621 759 1692 idque
785 1622 890 1677 versari
916 1623 945 1678 in

67 1700 173 1765 tutelis,
199 1699 391 1765 societatibus,
416 1699 538 1765 fiduciis,
566 1699 714 1766 mandatis,
741 1701 823 1755 rebus
849 1702 944 1767 emtis

65 1778 199 1844 venditis,
211 1777 368 1843 conductis,
378 1779 489 1846 locatis,
500 1781 602 1850 quibus
616 1780 678 1835 vitae
689 1779 809 1836 societas
821 1780 945 1836 contine·

63 1869 140 1915 retur
151 1858 174 1919 :†
195 1859 223 1914 in
246 1858 290 1913 his
312 1859 407 1932 magni
429 1877 492 1915 esse
510 1859 617 1932 judicis
639 1868 759 1914 statuere
776 1856 944 1936 (presertim

63 1956 131 1997 cum
145 1938 175 1995 in
189 1936 333 2012 plerisque
349 1949 445 1993 essent
462 1938 570 2014 judicia
584 1936 751 2016 contraria)‡
765 1937 832 2010 quid
848 1957 945 2010 quem·

62 2034 121 2091 quc
136 2017 239 2088 cuique
255 2028 387 2092 praestare
401 2028 552 2091 oporteret.

105 2096 247 2162 Quocirca
268 2096 376 2152 estutiae
399 2097 529 2153 tollendos
551 2112 626 2163 sum,
642 2116 731 2168 eaque
750 2097 865 2163 malitia,
882 2116 944 2168 quae

61 2176 125 2232 vult
139 2174 189 2232 illa
205 2174 320 2246 quidem
336 2175 434 2241 videri,
449 2196 479 2232 se
501 2195 564 2232 esse
586 2177 779 2250 prudentiam;
802 2176 852 2232 sed
867 2178 945 2234 abest

62 2256 99 2313 ab
114 2273 150 2310 ea
163 2253 304 2325 distatque
325 2254 488 2329 plurimum.
532 2254 685 2312 Brudentia
700 2266 743 2312 est
757 2257 833 2312 enim
854 2257 946 2313 locata

61 2333 94 2392 in
120 2333 232 2390 delectu
255 2335 442 2390 bonorumet
466 2335 625 2391 malorum:
654 2336 770 2402 malitia,
794 2338 818 2393 si
838 2337 944 2403 omnia,

63 2432 129 2486 quae
151 2413 339 2489 turpiasunt,
361 2414 530 2480 malaeum,
558 2414 632 2470 mala
652 2415 734 2470 bonis
763 2417 843 2491 ponit
870 2427 944 2472 ante.

63 2494 131 2552 Nec
147 2511 213 2549 vcro
228 2493 257 2549 in
273 2492 386 2567 praediis
401 2494 493 2550 solum
505 2494 553 2569 jus
567 2495 662 2559 civile,
678 2494 792 2552 ductum
807 2515 823 2551 a
837 2506 944 2562 natura,

63 2572 203 2631 malitiam
218 2570 402 2644 fraudemque
417 2572 561 2638 vindicat;
583 2573 632 2629 sed
648 2575 731 2630 etiam
747 2575 774 2630 in
791 2575 946 2650 mancipio-

64 2670 128 2709 rum
144 2651 305 2708 venditione
316 2652 469 2708 venditoris
482 2651 557 2708 fraus
567 2654 661 2708 omnis
676 2653 844 2711 excluditur.
887 2655 945 2719 Qui

97 2797 111 2825 ⁸
124 2792 221 2849 Ercfide
233 2794 299 2838 tona.
333 2792 394 2837 Thnt
406 2793 436 2838 all
451 2794 614 2838 arbitraments
631 2806 663 2837 on
680 2798 797 2837 contracte
807 2793 946 2849 containing

63 2849 188 2902 expressly
201 2847 240 2890 tlre
258 2846 359 2891 formula
370 2848 412 2891 Ex
424 2847 477 2903 fine
493 2849 561 2901 bona,
572 2847 703 2891 demanded
720 2848 901 2900 extraordinary
913 2853 946 2891 at·

64 2901 166 2946 tention.
200 2904 234 2944 As
255 2901 293 2945 the
312 2900 416 2943 decision
435 2902 463 2944 of
477 2901 542 2944 these
562 2901 684 2955 questions
702 2900 833 2954 dependcd,
852 2904 894 2943 not
913 2912 946 2943 on

64 2954 160 2999 written
171 2953 225 3007 law,
237 2953 278 2998 but
290 2966 322 2997 on
340 2953 380 2997 the
391 2954 514 2998 discretiori
527 2953 554 2997 of
568 2954 607 2997 the
625 2952 710 3004 arbitri,
722 2965 748 2996 or
765 2953 864 3008 judicer,
875 2953 947 2997 when

64 3008 130 3052 these
143 3011 215 3051 terma
227 3019 288 3051 were
300 3009 434 3062 employed,
447 3013 512 3061 great
523 3019 604 3061 power
616 3019 666 3050 was
677 3007 793 3050 intrusted
805 3011 829 3049 to
841 3006 912 3050 them.

96 3061 113 3118 †
127 3061 429 3114 outone-erminonem
446 3059 521 3104 rutuli
532 3071 572 3104 arc
583 3060 621 3104 tte
632 3072 686 3116 very
700 3060 772 3104 bonde
784 3059 813 3114 os
819 3058 909 3121 society.
921 3112 927 3122 .

96 3114 217 3166 ssdudtu'o
227 3115 349 3159 contrario.
384 3114 516 3167 According
536 3117 561 3157 to
579 3113 618 3157 the
634 3113 706 3156 forma
721 3113 749 3156 ot
762 3111 905 3168 proceedmg
920 3125 947 3158 111

64 3166 104 3211 the
117 3168 210 3212 Roman
222 3167 362 3221 law-murts,
375 3168 398 3210 in
411 3179 464 3211 case
477 3167 505 3210 of
512 3166 551 3210 the
563 3167 786 3221 non-performance
797 3165 825 3209 ot*
836 3164 947 3222 ordinary

64 3225 190 3269 eontracta.
206 3220 264 3265 eecli
275 3226 343 3275 party
355 3221 424 3264 could
437 3220 553 3263 maintain
566 3220 659 3274 against
670 3219 709 3264 the
726 3219 791 3263 other
801 3230 816 3281 ¹¹.
826 3217 900 3263 direct
910 3231 947 3264 ac-

64 3274 113 3318 tion
126 3275 162 3318 sor
173 3274 299 3328 damages:
318 3274 342 3317 in
355 3274 443 3318 certain
461 3273 527 3323 suits,
545 3273 661 3326 however,
672 3272 700 3318 of
713 3285 727 3316 a
739 3271 845 3328 peculrar
855 3275 948 3329 nutrire,

64 3339 90 3370 aa
102 3328 138 3371 for
154 3327 261 3371 instance
275 3326 380 3371 between
393 3326 507 3382 guardian
524 3328 572 3370 and
581 3326 654 3379 ward,
665 3339 680 3370 e
690 3326 763 3371 direct
773 3323 851 3369 action
862 3323 903 3381 lay
913 3336 946 3373 on

65 3379 147 3425 behalt
154 3381 182 3424 of
189 3381 227 3424 tire
240 3380 304 3424 ward
317 3380 410 3435 against
421 3380 460 3424 tlte
473 3379 588 3433 guardian
598 3392 605 3435 ς
621 3378 664 3425 but
675 3379 697 3424 ir
709 3379 749 3425 the
760 3378 829 3423 latter
838 3376 886 3423 had
896 3388 948 3437 my

64 3434 134 3479 etaim
147 3435 171 3477 in
184 3435 234 3477 that
245 3434 354 3488 capacity
366 3446 398 3477 on
415 3433 452 3477 his
463 3433 535 3479 ward.
547 3433 576 3477 he
588 3445 638 3479 was
649 3432 742 3491 obliged
753 3436 778 3478 to
793 3433 868 3477 mat
877 3434 949 3491 tm

64 3489 120 3535 adro
132 3488 260 3542 mmlrorid,
272 3499 298 3531 or
309 3499 375 3532 crosa
386 3486 433 3532 bill.
846 3472 981 3726 Ἷ
