2054 3946
353 477 424 523 ms.
441 476 459 522 1.
492 477 654 522 cauum.
909 478 948 534 39

107 588 151 645 Ac
165 586 233 643 belli
257 583 370 657 quidum
393 586 510 656 equitas
529 585 707 642 sanctissime
723 584 833 642 feciali*
849 582 948 658 populi

68 666 195 725 Romani
213 667 279 742 jure
294 667 451 740 perscripta
472 676 524 721 est.
567 665 616 722 Ex
630 683 687 736 quo
702 665 823 740 intelligi
844 674 947 740 potest,

68 745 179 803 nullum
192 745 296 801 bellum
305 762 368 802 esse
379 744 566 821 justum,nisi
579 744 655 815 quod
666 754 713 800 aut
723 745 805 800 rebus
820 742 948 818 repetitis

67 838 192 901 geratur,
210 834 258 880 aut
279 823 488 885 denuntiatumi
508 835 571 880 aute
595 824 633 879 sit
653 835 680 879 et
703 823 849 880 indictum.
893 821 949 878 Po·

68 904 168 980 pillius
184 905 336 978 imperator
350 905 463 960 tenebat
477 903 664 978 provinciam,
680 903 710 960 in
726 904 807 978 cujus
822 901 948 958 exercitu

70 983 208 1056 Catonisss
223 983 309 1039 ¹lilius
335 985 388 1039 tiro
411 983 556 1040 militabat.
599 981 675 1038 Cum
698 992 792 1038 antem
823 980 950 1056 Popillio

68 1061 214 1121 videretur
240 1081 323 1118 unam
346 1062 488 1119 dimittere
512 1061 667 1136 legionem,
692 1061 810 1117 Catonis
835 1077 950 1133 quoque

68 1141 175 1208 titium,
196 1141 247 1213 qui
270 1142 298 1198 in
320 1141 418 1198 eadem
434 1142 546 1216 legione
570 1141 716 1206 militabat,
733 1141 850 1197 dimisit.
893 1136 951 1194 Sed

70 1239 136 1278 cum
152 1239 248 1277 amore
263 1221 407 1296 pugnandi
422 1222 452 1277 in
472 1221 597 1276 exercitu
619 1221 812 1285 remansisset,
828 1219 901 1275 Cato
916 1216 951 1274 ad

70 1299 227 1375 Popillium
241 1301 365 1375 scripsit,
378 1311 418 1366 nt,
427 1301 452 1356 si
461 1318 526 1356 eum
538 1309 678 1374 pateretur
688 1298 716 1355 in
727 1300 850 1355 exercitu
862 1316 952 1354 rema·

69 1397 149 1445 uere,
165 1378 291 1436 secundo
306 1398 371 1435 eum
386 1380 523 1454 obligaret
538 1379 643 1435 militiae
656 1390 850 1434 sacramento:
873 1378 950 1448 quia,

70 1459 165 1532 priore
180 1459 299 1526 amisso,
310 1459 376 1534 jure
397 1478 461 1515 cum
476 1458 606 1514 hostibus
621 1477 746 1532 pugnare
760 1476 816 1514 non
832 1468 941 1532 poterat

72 1536 171 1614 [Adeo
195 1555 308 1594 summa
334 1547 394 1594 erat
422 1537 582 1623 observatio
605 1538 634 1593 in
664 1538 737 1594 bello
762 1535 951 1614 movendos]

71 1616 165 1674 Marci
181 1615 296 1687 quidem
318 1615 437 1673 Catonis
459 1617 536 1673 senis
558 1630 603 1671 est
622 1617 744 1691 epistola
764 1616 799 1672 ad
821 1617 952 1673 Marcum

71 1695 174 1761 filium,
190 1696 291 1767 inqua
310 1696 417 1763 scribit,
430 1714 461 1752 se
476 1695 599 1761 audisse,
614 1715 679 1752 eum
705 1697 826 1753 missum
848 1695 951 1751 sactum

71 1792 136 1830 esse
164 1793 181 1830 a
208 1775 335 1842 consule,
364 1794 429 1832 cum
460 1775 490 1831 in
519 1773 690 1832 Macedonia
716 1775 791 1830 bello
820 1774 949 1839 Persicoll

70 1854 155 1910 miles
171 1864 258 1911 essct.
295 1855 397 1911 Monet
410 1855 505 1930 igitur,
517 1864 549 1909 ut
559 1864 666 1918 caveat,
679 1872 715 1910 ne
727 1854 854 1928 praelium
866 1854 950 1909 ineat.

71 1933 169 2008 Negat
190 1935 267 1990 enim
283 1934 333 2010 jus
355 1952 430 2002 esse,
451 1935 501 2006 qui
522 1933 605 1990 miles
626 1952 684 1990 uon
709 1935 755 2000 sit,
779 1952 844 1990 cum
869 1932 952 1989 hoste

69 2031 208 2089 pugnare.

71 2155 163 2213 CAP.
182 2155 251 2212 ΧΠ.
289 2154 361 2226 Quae
372 2155 472 2236 fuerit
496 2163 626 2214 veterum
652 2155 855 2214 Romanorum
880 2175 951 2233 ergo

111 2235 209 2292 ltostes
224 2236 440 2293 mansuetudo:
463 2236 536 2313 quid
550 2236 729 2294 servandum
750 2237 790 2294 sit
810 2236 951 2314 quamde

111 2313 235 2389 imperio
250 2313 423 2372 decertatur.

110 2439 255 2502 Eoutnan
270 2441 339 2497 illud
354 2443 437 2499 etiam
453 2442 656 2509 animadverto,
673 2443 749 2514 quod
770 2445 819 2515 qui
835 2445 951 2520 proprio

71 2519 188 2576 nomine
211 2520 365 2594 perduellis
387 2532 472 2589 esset,
494 2524 519 2579 is
542 2523 631 2579 hostis
656 2536 812 2590 vocaretur,
835 2526 949 2581 lenitate

91 2681 117 2737 Ι*
130 2676 226 2721 Pectatt
260 2676 318 2720 This
330 2675 392 2731 body
405 2677 432 2720 ol
444 2677 501 2720 lawe
518 2678 638 2731 regulated
655 2678 695 2721 the
712 2679 781 2722 mode
793 2679 840 2722 and
851 2691 949 2722 ceremo-

73 2741 124 2773 mes
142 2731 170 2772 ot'
184 2730 304 2784 declsring
322 2742 378 2775 war.
395 2731 423 2773 oi
436 2732 581 2784 negotiating
599 2732 646 2774 und
665 2732 771 2782 euterius
793 2733 842 2775 into
860 2732 952 2775 treaties

72 2782 129 2824 witlt
142 2781 181 2826 tho
193 2795 287 2838 enemy.
321 2783 412 2834 During
425 2783 464 2826 the
477 2785 587 2838 republic,
600 2783 680 2845 public
692 2785 866 2833 functionaries,
879 2784 950 2827 called

73 2835 182 2883 rectam,
195 2842 287 2890 twenty
298 2836 322 2880 in
340 2836 446 2887 number,
459 2842 484 2879 at
494 2850 553 2880 once
571 2842 655 2892 priests
667 2839 713 2880 and
732 2837 830 2888 heralde,
840 2849 901 2880 were
913 2836 951 2879 the

72 2890 101 2931 du
121 2889 227 2931 usitaries
240 2889 267 2931 of
280 2889 345 2932 these
356 2890 421 2941 laws,
432 2890 478 2931 and
488 2890 576 2933 carried
588 2890 651 2933 them
665 2890 715 2933 into
727 2891 858 2934 execution.
891 2889 951 2942 Livy

74 2902 126 2997 (tib.
137 2941 153 2984 i.
163 2954 183 2984 c.
196 2941 237 2996 32)
250 2941 352 3003 ascribes
362 2942 422 2986 their
433 2943 563 2986 institution
573 2949 597 2986 to
610 2946 691 2987 Ancus
700 2944 812 3004 illarcius.

105 2993 122 3051 †
135 2996 185 3039 Aut
197 2995 375 3039 denuntiatum.
409 2998 455 3040 For
466 2996 505 3039 tlte
515 2997 603 3040 second
616 2997 667 3047 otti,
680 2996 805 3040 l'acctolati
815 2997 951 3041 substitutes

72 3047 94 3092 et
101 3067 111 3098 ‚·
129 3045 173 3090 but
182 3047 220 3090 the
233 3048 302 3090 usual
313 3047 417 3102 reading,
427 3061 453 3091 us
464 3049 517 3091 well
529 3050 557 3092 of
569 3052 639 3094 MSS.
651 3062 677 3092 as
689 3051 716 3093 of
729 3049 767 3092 the
786 3051 849 3145 early
857 3051 951 3104 editors,

848 3116 861 3147 e
874 3104 952 3149 defen·

72 3153 137 3196 sive:
154 3154 209 3206 tbey
223 3158 287 3196 must
299 3153 361 3196 osten
374 3153 432 3196 have
444 3153 551 3197 declared
563 3168 653 3198 weron
665 3155 732 3198 other
748 3158 852 3208 grounds
863 3157 952 3204 besides

72 3205 160 3250 thalos
175 3206 310 3257 reclaiming
324 3211 435 3261 property
443 3208 571 3262 pretended
584 3214 608 3251 to
621 3208 648 3251 be
661 3209 799 3253 abstracted.

106 3264 119 3308 ss
135 3259 241 3303 Catonia.
275 3259 308 3303 Ol
322 3259 360 3302 tlte
371 3260 434 3303 elder
445 3261 509 3313 Cato,
521 3262 560 3304 tlte
572 3273 663 3304 censor.

107 3311 348 3365 §Adeo-moceridu.
382 3313 440 3357 This
450 3318 562 3358 sentence
574 3315 679 3358 Graevius
689 3313 737 3356 and
754 3315 880 3360 Facciolati
896 3330 951 3362 con·

72 3365 136 3409 sider
145 3378 171 3407 as
181 3377 211 3406 an
224 3365 400 3419 interpolation.

71 3417 118 3514 mg
128 3418 225 3525 mico
235 3417 299 3464 bellu
327 3419 377 3464 The
385 3419 473 3464 second
484 3418 642 3465 Macedonian
654 3431 703 3463 war
714 3420 785 3474 again
796 3422 881 3477 Perses,
894 3423 951 3468 their

73 3100 92 3142 is
104 3099 216 3154 probably
228 3105 324 3143 correct.
358 3101 410 3144 The
428 3102 534 3144 Romans
546 3114 607 3145 were
620 3110 663 3146 not
674 3103 762 3158 always
773 3115 805 3146 on
823 3108 832 3146 t
