2054 3946
86 152 147 206 atu
371 145 420 192 us
446 141 689 191 sensurum„

88 262 241 319 provestum:
266 270 331 304 anno
352 254 418 303 enim
435 261 488 318 post
505 254 590 303 consul
613 252 717 316 primum
735 249 822 310 suerat,
838 264 912 316 quam
932 264 976 312 ego

88 331 160 371 natus
171 338 240 371 sum:
250 339 353 385 cumque
364 338 399 379 eo,
408 329 518 384 quartum
529 321 635 378 consule,
643 319 833 368 adolescentulus
846 319 916 368 miles
926 334 976 384 pro

89 390 166 438 fectus
174 406 228 439 sum
236 389 266 438 od
274 388 392 452 Capuam,
400 389 531 452 quintoque
539 403 605 436 anno
615 395 670 451 post
680 387 711 435 ad
718 386 854 436 Tarentum
862 396 975 450 questore

87 457 175 505 deinde
186 457 267 514 orbus,
279 456 434 518 quadriennio
451 463 506 519 post
521 455 598 503 sactus
614 470 670 503 sum
685 461 783 517 prator:
803 469 878 518 quem
893 453 978 516 mag'u=

88 531 178 572 tratum
197 524 259 585 gessi
275 522 414 572 consulibus
431 522 553 571 Tuditano
568 529 593 570 et
609 520 727 582 Cethego,
738 537 795 569 cum
814 521 912 584 quidem
930 521 976 579 itte,

88 590 218 639 admodum
229 606 311 649 senex,
323 605 405 638 suasor
422 589 480 651 legis
497 588 587 638 Cincio
598 588 628 637 de
639 588 708 636 donis
725 594 750 636 et
767 588 909 637 muneribus
925 587 977 637 fuir.

89 657 139 706 Hic
156 666 180 705 et
195 659 256 706 bolla
273 659 374 718 gerebat,
386 663 414 705 ut
433 658 577 714 adolescens,
589 671 645 704 oum
662 656 733 718 plane
750 654 849 716 grandis
861 664 938 714 esset,
953 661 977 703 et

89 723 258 783 Hannibalem,
268 724 405 788 juveniliter
420 724 588 781 exsultantem,
604 722 718 786 patientia
733 736 779 771 sua
795 722 931 771 molliebat:
947 721 977 770 ds

89 807 138 855 quo
148 791 257 854 preclare
269 791 391 840 familiaris
402 799 482 840 noster
494 790 605 839 Ennius:

208 911 224 933 “
231 907 305 962 Unus,
314 907 355 964 qui
365 907 431 951 nobis
442 905 570 951 cunctando
581 904 684 951 restituit
693 916 750 950 rem.

230 965 283 1010 Non
294 969 393 1022 ponebat
403 965 465 1010 enim
475 977 577 1010 rumores
588 970 642 1009 ante
653 966 758 1015 salutem.

235 1025 295 1084 Ergo
306 1025 424 1085 magisque
434 1023 552 1084 magisve
563 1023 608 1068 viri
618 1036 680 1069 nunc
690 1021 763 1082 gloria
773 1022 874 1069 claret''

88 1132 222 1182 Tarentum
233 1148 289 1181 vero
300 1149 348 1196 qua
359 1132 548 1195 vigilantiaque
560 1131 667 1190 consilio,
678 1131 783 1196 recepit!
801 1148 860 1182 cum
873 1132 977 1197 quidem,

89 1216 129 1249 me
141 1200 260 1258 audiente,
272 1199 407 1257 Salinatori,
419 1199 468 1262 qui,
481 1200 568 1248 amisso
580 1199 674 1262 oppido,
685 1199 780 1259 fugerat
790 1198 817 1247 in
829 1216 918 1259 arcem,
929 1202 977 1263 glo·

89 1268 168 1324 nauti,
180 1274 250 1330 atque
268 1267 301 1314 ita
312 1266 417 1315 dicenti:
436 1267 513 1316 “Mea
530 1281 609 1329 opera,
622 1266 653 1325 Q.
666 1265 734 1324 Fabi,
745 1266 882 1316 Tarentum
899 1282 978 1332 recep·

89 1333 130 1383 isti
138 1334 161 1381 :'’
180 1341 194 1364 “
203 1333 297 1392 Certe,'’
310 1334 389 1396 inquit
400 1333 496 1382 ridens:
513 1341 528 1363 “
537 1348 602 1391 uam,
613 1333 660 1381 nisi
672 1340 700 1382 tu
711 1332 839 1392 amisisses,
852 1350 977 1398 nunquam

90 1400 254 1464 recepissem.”
288 1400 343 1449 Nec
355 1417 409 1449 vero
426 1401 452 1449 in
464 1400 536 1449 armis
551 1399 705 1464 prestantior,
717 1414 790 1461 quam
801 1400 828 1448 in
840 1409 913 1463 toga:
929 1401 977 1466 qui,

90 1470 175 1517 consul
196 1468 290 1527 itemm,
307 1467 350 1531 Sp.
363 1467 467 1516 Carvilio
486 1469 578 1528 collega
594 1467 740 1530 quiescente,
757 1466 787 1516 G.
799 1465 924 1518 Flaminio
940 1468 980 1518 trl·

90 1537 157 1585 buno
174 1536 255 1598 plebis,
267 1535 345 1598 quoad
362 1535 446 1598 potuit,
464 1534 556 1593 restitit,
574 1550 658 1596 agrurn
676 1533 800 1583 Picentem
818 1542 843 1583 et
859 1535 978 1586 Gallicum

90 1602 178 1650 viritim
191 1611 272 1651 contra
279 1609 377 1650 senatus
388 1602 551 1651 auctoritatem
562 1600 682 1650 dividenti.
701 1600 837 1664 Augurque
845 1619 903 1652 cum
911 1610 977 1661 esest,

90 1670 168 1718 dicere
179 1686 252 1719 ausus
262 1678 305 1728 est,
317 1668 414 1733 optimis
431 1669 543 1733 auspiciis
560 1686 589 1717 ea
605 1669 662 1729 geri,
674 1684 726 1730 que
743 1684 786 1732 pro
797 1669 933 1733 reipublice
944 1686 979 1719 sa·

91 1738 140 1786 luta
151 1745 302 1797 gererentur3
319 1752 371 1799 que
388 1745 470 1785 contra
488 1736 656 1799 rempublicam
667 1735 790 1794 ferrentur,
802 1744 887 1785 contra
903 1737 978 1801 auspi·

91 1803 129 1853 cia
139 1804 201 1852 ferri.
235 1805 313 1853 Multa
324 1803 350 1851 in
362 1820 389 1852 eo
401 1804 451 1852 viro
466 1805 576 1867 preclara
587 1802 702 1864 cognovi:
721 1803 763 1851 scd
780 1802 842 1852 nihil
853 1812 891 1853 est
908 1804 977 1854 admi·

90 1869 194 1928 rabilius,
206 1887 279 1934 quarn
291 1870 409 1933 quomodo
420 1871 460 1919 ille
472 1878 571 1919 mortem
583 1871 618 1919 M.
628 1869 671 1918 filii
683 1870 745 1928 tulit,
756 1869 814 1918 clari
824 1870 878 1929 viri,
890 1881 915 1921 et
925 1887 978 1920 corr·

92 1937 184 1986 sularis.
219 1937 264 1986 Est
284 1937 310 1986 in
331 1938 441 1986 manibus
464 1938 582 1996 laudatio;
605 1953 677 2000 quam
698 1952 753 1985 cum
777 1937 889 1998 legimus,
909 1953 976 2002 quem

92 2004 262 2068 philosophum
284 2021 334 2052 non
357 2004 550 2053 contemnimus?
585 2004 640 2052 Nec
660 2020 715 2052 vero
734 2005 775 2052 ille
794 2003 822 2052 in
839 2006 893 2054 luce
909 2004 977 2054 modo

92 2079 163 2132 atque
175 2071 201 2118 in
219 2071 293 2120 oculis
310 2071 399 2120 civium
418 2087 534 2132 magnum
552 2072 594 2120 sed
610 2071 676 2120 intus
693 2071 805 2134 domique
825 2053 994 2135 praestantior.⁴¹

93 2137 144 2197 Qui
159 2139 252 2186 sermo!
271 2154 324 2200 qura
340 2138 470 2202 precepta!
489 2148 580 2200 quanta
591 2138 675 2187 notitia
686 2138 852 2201 antiquitatis!
872 2156 925 2203 quse
935 2137 977 2187 sci·

91 2204 158 2252 entia
170 2204 232 2268 juris
248 2205 358 2266 augurii!
378 2207 458 2254 multa
476 2205 555 2264 etiam,
566 2214 594 2255 ut
610 2205 636 2254 in
653 2205 751 2254 homine
767 2205 887 2266 Romano,
901 2206 976 2255 litera

93 2271 183 2320 Omnia
195 2272 308 2320 memoria
319 2274 420 2331 tenebat,
432 2289 482 2321 non
499 2273 629 2322 domestica
645 2273 730 2331 solum,
742 2273 783 2321 sed
795 2272 870 2322 etiam
881 2281 977 2322 exteros

93 2338 168 2388 bella:
186 2341 256 2404 cujus
267 2356 376 2389 sermone
387 2339 420 2389 ita
432 2348 484 2389 tum
495 2340 580 2403 cupide
592 2340 691 2396 inrebsr,
703 2339 771 2401 quasi
784 2340 836 2402 jam
848 2340 977 2389 divinarem

92 2405 125 2466 id,
136 2407 200 2470 quod
211 2407 297 2466 evenit,
308 2407 350 2456 illo
361 2407 487 2467 exstincto,
498 2407 555 2467 lore,
566 2407 631 2457 unde
642 2407 763 2466 discerem,
775 2407 907 2456 neminem.

127 2540 159 2590 V.
177 2541 299 2601 Quorsum
316 2541 389 2603 igitur
405 2542 456 2591 lraec
467 2550 515 2592 tam
532 2542 608 2590 multe
622 2542 652 2590 de
663 2541 788 2590 Maximot
808 2541 866 2604 quia
877 2541 978 2604 profecto

93 2608 185 2667 videtis,
198 2609 265 2657 nefas
281 2625 333 2658 esse
350 2609 422 2668 dictu,
438 2611 547 2658 miseram
558 2607 632 2658 fuisse
648 2611 720 2657 talem
737 2615 893 2657 senectutem.
925 2607 978 2657 Nec

93 2683 174 2724 tamen
186 2691 268 2724 omnes
280 2684 381 2740 possunt
397 2693 448 2725 osse
464 2675 595 2740 Scipiones,
607 2683 649 2725 aut
666 2675 775 2733 Maximi,
788 2685 816 2724 ut
826 2675 923 2725 urbium
939 2690 979 2723 ex·

93 2743 261 2807 pugnationes,
273 2751 300 2792 ut
317 2744 436 2807 pedestres
455 2746 581 2793 navalesve
601 2759 702 2806 pugnes,
719 2750 747 2790 ut
763 2743 825 2791 bella
835 2759 850 2790 a
862 2759 888 2791 se
905 2749 978 2805 gesta,

93 2809 281 2873 triumphosque,
293 2812 451 2860 recordentur.
484 2810 529 2859 Est
540 2810 612 2858 etiam
625 2811 703 2873 quiete
714 2816 739 2858 et
755 2816 850 2872 puroet
861 2811 979 2871 eleganter

93 2884 150 2925 acta
168 2876 242 2925 etatis
259 2877 351 2941 placida
362 2894 390 2926 ac
406 2877 466 2926 lenis
483 2884 599 2936 senectus,
611 2878 706 2940 qualem
717 2875 854 2940 accepimus
864 2875 978 2934 Platonis,

93 2943 142 3006 qui,
154 2959 204 2992 uno
215 2951 239 2992 et
256 2945 400 3005 octogesimo
417 2960 489 3002 anno,
501 2944 604 2993 scribens
621 2952 729 2994 mortuus
749 2951 801 3002 est;
817 2945 915 3007 qualem
932 2943 978 2992 Iso·

93 3010 171 3068 eratis,
183 3010 292 3074 quicum
304 3011 397 3069 libmm,
409 3012 450 3073 qui
463 3018 476 3041 ‘⁴
487 3009 694 3061 Panathenaicus”
706 3009 848 3070 inscribitur,
860 3019 945 3075 quarto
955 3017 979 3058 et

84 3078 248 3141 nonagesimo
260 3095 327 3129 anno
339 3077 461 3142 scripsisse
471 3094 497 3126 se
507 3077 578 3137 dicit3
595 3078 701 3143 vixitque
713 3078 910 3142 quinquennium
926 3093 979 3142 pos·

56 3150 138 3302 ‘r
157 3149 234 3216 cujus
251 3147 379 3214 magister,
389 3145 529 3198 Leontinus
544 3145 760 3208 Gergoucentum
773 3152 799 3194 et
811 3154 904 3209 septem
916 3159 979 3196 com·

834 3212 863 3301 l„

782 3296 1017 3472 L
