2054 3946
71 227 109 281 68
388 218 436 263 nn
459 219 635 265 orrrcrrs.

72 344 161 402 CAP.
177 343 273 402 XXV.
300 341 381 413 Quid
399 344 436 401 ab
456 345 496 401 iis
518 345 699 421 requiratur,
713 345 766 421 qui
785 342 948 422 reipublic!

212 430 360 501 praesunt,
373 425 481 500 quique
493 424 550 502 jus
566 425 680 483 ciuibus
693 424 807 482 dicunt.

111 519 235 577 Ouumo
250 519 300 591 qui
315 520 478 594 reipublicae
494 522 639 597 praefuturi
660 532 735 587 sunt,
752 521 809 579 duo
824 520 949 579 Platonis

70 604 228 676 praecepta*
257 611 387 655 teneant:
417 619 516 667 unum,
546 612 576 658 ut
601 602 750 658 utilitatem
776 602 884 658 civium
911 601 950 657 sir

70 691 208 745 meantes,
224 688 255 735 ut
276 697 462 751 quaecumque
484 691 580 756 agunt,
596 679 631 737 ad
644 699 707 737 eam
727 680 861 747 referant,
874 679 950 737 obliti

71 759 285 816 commodorum
312 778 444 816 suorum:
468 761 596 826 alterum,
612 770 644 815 ut
664 770 753 817 totum
774 778 882 835 eorpus
902 760 952 817 rel·

71 840 192 915 publicae
207 848 315 905 curent,
332 857 378 903 ne,
391 838 458 895 dom
474 852 581 914 partem
604 839 728 911 aliquam
750 850 875 905 tuentur,
890 839 952 897 reli·

72 937 142 990 quas
168 919 308 975 deserant.
352 918 392 974 Ut
416 919 492 975 enim
518 919 614 984 tutela,
639 921 682 977 sie
704 919 879 995 procur-ariol
901 919 953 976 rei·

72 999 193 1074 publieae
214 997 249 1053 ad
269 997 418 1053 utilitatem
440 1017 549 1064 eornm,
566 1000 614 1070 qui
637 999 784 1056 commissi
805 1009 954 1065 sunt,uon

73 1076 108 1133 ad
130 1096 238 1141 eorum,
262 1077 364 1148 quibus
391 1079 546 1133 commissa
573 1089 627 1145 est,
648 1078 771 1155 gerenda
799 1090 854 1135 est.
897 1078 953 1143 Qui

15 1166 18 1171 '
73 1167 167 1213 autem
188 1157 259 1231 parti
280 1156 385 1212 civium
408 1158 570 1223 consulunt,
586 1171 692 1234 partem
715 1158 874 1233 negligunt,
897 1176 954 1215 rem

72 1235 347 1311 perniciosissimam
374 1236 404 1292 in
432 1238 575 1293 civitatem
610 1238 756 1302 induerint,
784 1237 954 1294 seditionem

73 1327 157 1387 atque
180 1315 369 1371 discordiam:
392 1336 428 1373 ex
452 1337 509 1389 quo
534 1318 638 1381 evenit,
655 1327 685 1374 ut
706 1319 754 1374 alii
775 1318 954 1392 popularem

74 1396 122 1451 alii
144 1395 264 1452 studiosi
287 1396 388 1470 optimi
415 1398 580 1473 eujusqne‚§
602 1396 758 1464 rideantur,
781 1397 869 1473 pauci
896 1396 955 1455 uni·

72 1494 231 1532 versorum.

113 1555 192 1612 Hine
206 1558 281 1633 apud
294 1556 484 1615 Athenienses
500 1574 610 1630 magnae
628 1554 792 1611 discordiae:
816 1555 847 1611 in
862 1564 955 1613 nostre

74 1636 218 1709 republica
228 1657 286 1695 non
296 1638 389 1694 solum
404 1635 570 1701 seditiones,
581 1634 631 1690 sed
643 1636 778 1710 pestilera
787 1635 873 1691 etiam
886 1634 955 1693 belle

73 1715 186 1772 oivilia:
209 1736 273 1788 quea
283 1718 385 1792 gravis,
395 1728 422 1771 ot
433 1714 606 1781 lunisonis,
615 1724 643 1769 et
657 1716 686 1771 in
701 1715 847 1791 republica
855 1714 956 1791 dignus

73 1795 234 1869 principatu
250 1798 338 1871 lugiet
358 1808 440 1865 atque
462 1793 563 1860 oderit,
580 1793 726 1866 tradetque
746 1813 778 1850 se
799 1804 891 1851 totum
905 1794 955 1851 rei-

75 1874 206 1947 publicae,
225 1895 317 1947 neque
338 1894 407 1948 opes
429 1884 477 1928 aut
497 1876 654 1948 potentiam
675 1875 895 1940 euriseetabitur‚
917 1888 956 1931 to·

75 1964 189 2024 tanaque
211 1974 272 2011 earn
294 1956 336 2009 sie
356 1954 488 2018 tuebitur,
507 1963 538 2008 ut
558 1955 690 2010 omnibus
712 1954 851 2011 consulat,
895 1954 956 2010 Nee

75 2050 143 2088 vero
156 2035 320 2090 criminibus
332 2033 411 2089 salsis
427 2034 455 2089 in
471 2032 569 2089 odium
579 2045 626 2090 aut
638 2033 773 2090 invidiam
782 2052 955 2105 quemquam

76 2113 208 2169 vocabit:
237 2114 410 2184 omninoque
433 2114 471 2168 ita
495 2113 614 2188 justitio
639 2110 839 2184 honestatique
865 2113 957 2169 adhae·

75 2202 231 2259 rescet‚nt‚
252 2193 317 2249 dum
339 2212 372 2249 ea
394 2204 552 2258 conservet,
575 2193 705 2263 quamvis
726 2194 850 2268 graviter
869 2194 956 2251 offen·

76 2269 147 2337 datll
177 2283 351 2345 mortemque
376 2283 493 2348 oppetat
518 2273 623 2347 potius,
650 2291 735 2343 quam
762 2272 875 2330 deserat
899 2272 956 2338 illa,

77 2350 225 2422 quaedixi.

79 2452 301 2531 naimonem,

157 2550 170 2571 “
179 2549 247 2596 Sunt.
259 2547 345 2601 quibus
356 2558 434 2590 unum
447 2558 508 2600 opus
519 2549 561 2591 est.
571 2545 667 2589 intaeta
675 2544 776 2589 Palladis
786 2544 872 2590 urben

175 2599 284 2644 Carmine
295 2605 412 2656 perpetuo
423 2599 563 2642 celelrrare.'’

394 2685 544 2728 CllAPTER
563 2684 641 2727 XXV.

110 2753 240 2849 {litaturis
256 2753 382 2809 precepta.
414 2753 443 2796 ln
455 2751 494 2796 the
505 2751 555 2796 ttrst
571 2751 618 2795 aad
634 2749 712 2795 fourth
723 2748 798 2793 books
814 2750 845 2794 ot
858 2749 896 2794 his
916 2751 953 2797 llo

94 2817 125 2914 u†
136 2819 283 2905 iiiecuratio.
317 2859 370 2903 The
383 2857 524 2902 conductos
538 2856 576 2901 the
591 2868 706 2900 concertis
723 2856 751 2898 of
765 2855 843 2900 others
854 2856 961 2902 further!

78 2911 170 2955 benefit.
202 2912 410 2958 remeetur-otton.

111 2965 184 3014 tritri
201 2968 333 3020 perpetues.
369 2965 435 3009 Some
454 2964 508 3008 neele
526 2964 629 3018 nequitur
640 2962 739 3019 feratu.
772 2962 823 3023 (ξι.
838 2962 961 3016 Quintius,

78 3016 149 3077 horno
160 3019 262 3062 maxime
275 3019 402 3074 popularis,
412 3018 451 3072 qni
464 3030 548 3060 omnes
557 3029 677 3060 rumorum
688 3021 713 3060 et
722 3027 867 3060 concursum
877 3022 962 3061 ventos

78 3070 187 3133 colligere
197 3073 359 3134 consuesset.”
393 3074 436 3116 Pru
449 3071 622 3114 Cluentiotss.
922 3122 927 3132 ι

63 3122 203 3219 maffia-I
218 3136 351 3181 ornusque·
371 3125 449 3170 others
468 3124 563 3168 become
582 3122 706 3166 adherente
728 3122 757 3166 ol
777 3133 844 3166 some
864 3122 961 3179 leading

88 3225 103 3279 l
117 3228 238 3281 Quartum
246 3233 498 3293 gmrdterqffendot:
510 3229 641 3286 tnongnno
649 3228 976 3282 inensemtnexsonm'ds,
