2054 3946
366 501 437 548 trs.
450 502 469 547 1.
503 501 671 548 canxxr.
920 510 958 564 59

115 611 299 686 Quapropter
321 620 351 668 et
373 612 408 668 iis
432 611 549 669 forsitan
570 611 783 670 concedendum
809 613 862 669 sit*
884 632 957 671 rem·

75 692 222 767 publicam
250 709 308 748 non
333 693 558 766 capessentibus,
588 693 637 762 qui
665 693 815 749 excellenti
843 693 958 768 ingenio

76 770 213 827 doctrinae
234 788 298 826 sese
318 769 503 828 dediderunt:
533 780 562 826 ct
581 771 628 837 iis,
650 771 699 842 qni
720 782 768 827 aut
788 773 957 830 valetudinis

76 849 281 916 imbecillitate,
297 859 344 906 aut
358 851 453 923 aliqua
473 852 602 927 graviore
624 870 709 906 causa
729 851 868 926 impediti,
885 872 901 908 a
915 872 958 909 re·

76 930 192 1005 publica
211 940 399 996 recesserunt,
416 950 480 987 cunr
502 931 565 1005 ejus
587 929 815 987 administranda
836 943 957 1006 potcsta-

75 1018 133 1064 tem
149 1009 213 1065 aliis
227 1008 397 1081 laudemque
413 1010 610 1066 concederent.
653 1010 763 1075 Quibus
779 1021 871 1067 antem
894 1012 957 1067 talis

75 1087 155 1144 nulla
169 1089 207 1144 sit
221 1107 316 1155 eausa,
330 1089 355 1145 si
377 1088 524 1165 despicere
540 1108 570 1145 se
585 1088 679 1145 dicant
693 1109 735 1154 ea,
751 1108 814 1160 queo
829 1091 957 1165 plerique

75 1167 225 1234 mirentur,
241 1169 362 1242 imperia
382 1178 410 1225 et
430 1169 632 1243 magistratus;
655 1170 690 1225 iis
713 1187 769 1225 non
792 1171 877 1226 modo
899 1189 956 1227 non

75 1245 164 1315 laudi,
180 1266 278 1303 verum
294 1249 378 1304 etiam
394 1249 463 1304 vitio
476 1248 599 1304 dandum
613 1260 692 1323 puto.
735 1249 862 1314 Quorum
881 1249 957 1325 judi-

76 1326 152 1384 cium
175 1327 205 1384 in
226 1345 271 1394 cn,
293 1326 370 1398 qtrod
391 1329 510 1403 gloriam
532 1338 722 1396 contemnant,
746 1340 774 1385 et
794 1348 845 1404 pro
867 1329 957 1386 nihilo

75 1416 186 1482 putent,
216 1406 331 1463 difficile
344 1407 426 1463 ¹sactu
448 1417 568 1463 estnon
590 1410 726 1482 probare:
757 1409 806 1464 sed
828 1408 958 1466 videntur

75 1483 187 1542 labores
203 1496 232 1541 et
248 1487 404 1553 molestias,
421 1498 480 1543 tum
502 1485 709 1549 offensionumi
731 1500 758 1544 et
778 1489 956 1563 repulsarum

75 1565 159 1637 quasi
174 1565 324 1638 quamdam
339 1566 524 1641 ignominiam
541 1568 639 1623 timere
654 1578 682 1623 et
696 1567 850 1623 infamiam.
884 1568 958 1625 Sunt

74 1644 164 1712 enim,
181 1645 230 1716 qui
245 1645 274 1702 in
289 1647 371 1702 rebus
386 1646 533 1702 contrariis
555 1665 652 1720 parum
669 1647 723 1702 sibi
737 1657 886 1703 constent:
909 1665 957 1703 vo·

52 1762 54 1767 -
74 1723 213 1800 luptatem
235 1725 415 1781 severissime
437 1735 630 1791 contemnant,
646 1726 674 1781 in
688 1725 794 1782 dolore
816 1727 873 1781 sint
887 1727 957 1782 mol·

74 1802 182 1860 liores:
206 1804 325 1879 gloriam
351 1805 504 1880 negligant,
527 1805 691 1879 franguntur
713 1804 847 1861 infamia:
872 1817 956 1876 atque

73 1901 108 1939 ea
123 1882 240 1954 quidem
256 1903 313 1941 non
328 1885 395 1941 satis
410 1895 582 1940 constanter.
633 1916 671 1947 aa

107 1961 175 2018 ,sed
189 1963 236 2028 iis,
252 1964 301 2034 qui
316 1964 420 2020 habent
434 1984 449 2020 a
464 1975 563 2020 natura
576 1961 739 2038 adjumenta
752 1982 844 2019 rerum
858 1981 956 2038 geren-

73 2039 186 2108 darum,
202 2043 310 2118 abjecta
325 2043 403 2099 omni
417 2044 606 2106 cunctatione,
620 2041 796 2117 adipiscendi
812 2043 956 2118 magistra·

73 2132 131 2188 tus,
147 2133 176 2177 et
189 2122 312 2198 gerenda
325 2123 485 2198 respublica
500 2134 552 2179 est.
583 2119 647 2178 Nec
662 2123 737 2178 enirn
748 2123 828 2178 aliter
837 2133 884 2178 ant
896 2123 955 2198 regi

73 2200 186 2266 civitas,
202 2213 249 2258 ant
263 2202 397 2259 declarari
412 2202 499 2258 animi
521 2200 686 2277 magnitudo
702 2213 804 2277 potest.
847 2202 955 2277 Capes-

73 2280 204 2336 sentibus
225 2293 319 2338 autem
339 2282 544 2356 rempublicam
568 2282 656 2337 nihilo
673 2283 777 2348 minus,
793 2301 877 2353 quam
892 2282 955 2356 phi·

73 2358 216 2434 losophis,
231 2360 306 2416 haud
321 2362 381 2417 scio
403 2381 438 2417 an
460 2362 550 2435 magis
573 2363 668 2426 etiam,
685 2373 713 2416 et
733 2362 953 2435 magnificentia,

73 2448 103 2494 et
116 2438 304 2515 despicientia
317 2439 476 2497 adhibenda
489 2438 527 2496 sit
541 2459 632 2496 rerum
655 2440 852 2506 humanorum,
869 2460 953 2512 qnam

74 2535 151 2594 saepe
178 2518 253 2585 dice,
277 2530 306 2576 et
326 2519 513 2591 tranquillitas
535 2519 622 2576 animi
646 2529 729 2591 atque
750 2522 906 2577 securitas:
928 2521 954 2576 si

107 2667 120 2693 ¹·
135 2661 316 2706 concedendum
327 2661 364 2708 sil.
398 2662 450 2706 Tire
462 2661 533 2705 idiom
546 2661 574 2704 of
587 2672 630 2704 our
641 2672 695 2704 own
706 2664 794 2710 tonrne
804 2675 885 2715 aereos
897 2661 954 2705 with

73 2713 119 2759 this
130 2715 284 2770 expression:
302 2717 447 2761 allorunnres
458 2726 498 2759 ore
516 2715 540 2758 to
558 2715 583 2758 bc
600 2712 666 2757 mode
677 2714 722 2770 for
738 2716 798 2759 (bose
813 2727 913 2769 persons
924 2713 954 2776 of

72 2767 242 2864 gerpr'ltfs,bwlro‚
259 2766 345 2825 grang
359 2768 496 2814 themselves
513 2780 546 2822 up
557 2768 669 2844 lotatudy,
686 2767 775 2812 declirw
792 2768 916 2822 engirging
927 2779 953 2812 an

88 2834 105 2864 u
131 2832 152 2864 tc
177 2833 276 2867 eamear.

70 2833 87 2876 ρ
105 2873 309 2930 †Offensionum.
343 2876 530 2919 Commentators
542 2873 608 2918 differ
619 2872 644 2917 in
657 2873 696 2917 the
708 2873 884 2928 interpretation
895 2872 954 2916 tobe

71 2927 143 2982 given
169 2928 214 2972 this
232 2929 304 2972 word.
338 2930 368 2972 ln
386 2930 425 2973 thc
444 2926 556 2982 ordinary
575 2926 623 2970 and
642 2931 704 2971 most
716 2927 818 2970 obvious
837 2938 906 2969 sense
924 2927 952 2969 of

70 2978 178 3038 menaea.
189 2983 306 3035 quamn,
317 2993 350 3026 no
359 2982 490 3037 ignominy,
502 2986 526 3023 at
535 2981 600 3034 least,
612 2992 656 3024 ean
669 2981 745 3024 attach
757 2992 787 3022 on
801 2980 883 3040 these..
902 2980 954 3022 Tne

70 3034 127 3077 verb
145 3034 260 3091 offendere
277 3035 306 3088 is,
318 3034 432 3079 however,
445 3035 579 3077 sometimes
596 3034 721 3088 employed
740 3033 771 3088 by
784 3033 901 3092 Cicerohm
915 3031 953 3075 the

70 3099 142 3131 sense
155 3089 182 3130 of
188 3088 226 3131 the
235 3089 312 3132 Greek
323 3091 473 3139 προσκροῦσαι,
482 3100 495 3130 a
504 3087 626 3141 nretapbor
633 3087 703 3129 taken
714 3085 774 3129 from
786 3085 955 3139 impediments

71 3145 95 3184 to
106 3141 231 3195 travelling
244 3153 274 3183 on
288 3142 397 3195 arugged
410 3142 481 3193 road;
500 3141 525 3184 in
535 3140 573 3184 the
585 3152 654 3182 sense
666 3140 693 3182 of
707 3139 795 3187 failure,
809 3137 954 3192 disappoint-

70 3192 176 3238 mantin
188 3193 309 3245 obtaining
320 3195 359 3238 tno
371 3191 447 3246 object
458 3193 550 3241 sonalat.
586 3193 644 3236 This
661 3192 681 3235 is
693 3192 806 3254 probably
818 3192 848 3235 its
859 3196 953 3246 present

69 3247 194 3301 meaning.
228 3250 272 3292 Pro
290 3248 382 3291 cluent.
399 3258 419 3289 c.
436 3249 473 3296 25,
490 3246 570 3290 Cicero
589 3247 697 3300 amplos
744 3257 879 3296 aristonem,-
906 3245 953 3289 and

69 3300 202 3363 ProPlanc
219 3302 232 3324 ‘⁴
241 3299 522 3396 opemtoncoram‚”ror
532 3300 639 3361 repulse.¹
663 3259 708 3343 dio
736 3312 787 3362 ,ege
804 3299 887 3343 Manil.
900 3312 920 3342 c.
932 3299 952 3344 9.

69 3356 138 3398 “Hic
150 3366 174 3396 rn
186 3366 239 3408 ipso
249 3368 255 3397 r
266 3355 287 3397 lo
306 3355 368 3397 malo
385 3364 569 3406 eravrsrrmaqnc
586 3352 640 3396 belli
656 3350 810 3408 offensione,”
824 3353 858 3395 for
869 3352 953 3407 defeat.

70 3409 142 3451 Some
154 3408 220 3451 MSS.
232 3412 314 3462 repeat
324 3407 377 3452 tum
389 3405 464 3450 before
476 3407 636 3461 repulsarum,
650 3404 691 3449 bnt
708 3406 900 3460 nnnecessarily3
917 3405 954 3449 irr-

69 3465 166 3503 etances
178 3473 249 3504 occur
257 3460 285 3504 of
296 3462 360 3514 tum,
372 3459 474 3504 without
490 3471 545 3504 eum
555 3457 691 3515 preceding,
701 3471 728 3502 or
745 3460 800 3503 tum
818 3459 952 3509 following.

62 3513 110 3554 Aa.
122 3512 214 3555 Divers.
225 3511 265 3558 nb,
278 3526 300 3559 v.
311 3527 350 3570 ep.
364 3513 400 3570 13,
408 3513 450 3560 lib.
461 3513 513 3561 xiii.
522 3527 561 3573 ep.
573 3514 612 3568 tt,
621 3512 820 3560 andelsettbera.

963 3608 994 3743 'ti
