2054 3946
357 467 427 514 LlB.
444 467 464 512 1.
498 467 577 512 CAP.
594 467 643 512 lx.
908 469 946 522 33

67 589 122 634 tos.
160 575 287 648 AEquiue
301 586 394 635 autem
407 586 476 644 erat,
492 575 521 633 id
536 577 679 633 voluntate
693 574 764 632 ficri.
801 573 877 630 Nam
892 571 948 628 hoc

66 657 165 733 ipsum
179 655 218 712 ita
234 656 344 732 justum
359 665 412 722 est,
424 654 500 728 quod
512 656 640 722 mctalli,
656 655 680 711 si
692 670 737 710 est
747 652 935 710 voluntarium

108 734 184 792 Sunt
198 734 292 801 etiam,
308 735 357 808 qui
378 745 426 792 aut
445 733 539 791 studio
553 735 595 791 rei
609 733 744 791 familaria
766 730 886 797 tuendo,
901 741 948 785 aut

67 813 136 871 odio
158 813 280 886 quodam
301 813 462 880 homiuum,
477 832 560 871 suum
581 832 613 870 ae
635 812 779 889 negotium
802 829 884 886 agere
906 809 947 867 di·

67 903 145 960 cant,
158 911 192 949 ne
207 892 299 950 iacere
314 892 447 964 cuiquam
463 892 609 950 videantur
623 892 774 969 injuriam:
797 890 846 962 qui
860 889 948 946 altero

68 972 215 1050 injustitiae
231 990 333 1047 genere
346 982 456 1039 vacant,
473 971 502 1029 in
516 972 633 1029 alterum
650 972 805 1028 incurrunt.
844 968 948 1025 Deser-

68 1064 121 1109 unt
134 1051 212 1108 enim
228 1052 291 1108 vitae
306 1051 481 1117 societatem,
497 1051 564 1122 quia
584 1051 656 1108 nihil
676 1049 826 1107 conserunt
841 1048 870 1104 in
885 1066 947 1104 earu

68 1127 167 1196 studii,
183 1129 256 1187 nihil
268 1148 373 1205 operm,
389 1130 459 1187 nihil
474 1129 648 1187 facultatum.

109 1209 253 1275 Quoniam
268 1209 353 1284 igitur
367 1209 477 1266 duobus
491 1210 643 1285 generibus
659 1207 803 1284 injustitiae
819 1205 949 1282 proposi·

69 1289 118 1355 tia,
139 1287 322 1364 adjunximus
343 1307 443 1347 causas
464 1289 611 1360 utriusque
632 1287 755 1363 generis,
770 1304 875 1359 easque
903 1303 948 1342 res

68 1378 134 1425 ante
155 1367 367 1435 constituimus,
391 1368 494 1440 quibua
516 1368 628 1444 justitia
651 1366 829 1424 continetur:
855 1364 948 1429 facile,

69 1445 147 1518 quod
168 1445 307 1522 cujusque
329 1447 465 1523 temporis
487 1447 613 1504 officium
634 1447 681 1513 sit,
703 1445 870 1521 poterimus,
893 1444 948 1500 nisi

69 1525 264 1601 nosmetipsos
291 1524 372 1582 valde
400 1526 567 1593 amabimus,
595 1525 733 1603 judicare.
775 1524 831 1582 Eat
854 1523 949 1580 enim*

70 1603 196 1662 difficilis
217 1623 284 1661 cura
304 1623 397 1661 rerum
412 1606 576 1662 alienarum.
618 1606 798 1676 Quamquam
820 1603 951 1660 Terenti·

70 1703 141 1741 anus
152 1684 201 1740 ille
212 1682 366 1746 Chremesl
378 1693 397 1719 “
408 1683 526 1741 humani
540 1684 612 1741 nihil
627 1704 643 1741 a
656 1703 688 1740 se
700 1685 823 1740 alienum
837 1681 948 1757 putat.”

70 1763 131 1820 Sed
145 1766 257 1836 tamenss
271 1763 337 1834 quia
352 1765 441 1839 magis
456 1782 490 1820 ea
503 1763 677 1839 percipimus
699 1773 782 1834 atque
800 1762 950 1829 sentimus,

71 1860 134 1914 quae
162 1841 338 1918 nobisipsis
360 1852 408 1899 aut
427 1861 573 1919 prospera,
595 1853 642 1898 aut
668 1839 786 1898 adversa
805 1839 950 1907 eveniunt,

71 1941 159 1993 quam
173 1920 232 1987 illa,
249 1939 310 1992 quae
325 1922 437 1988 ceteris,
452 1940 516 1993 quae
532 1921 613 1993 quasi
633 1920 719 1995 longo
740 1917 889 1977 intervallo
909 1919 952 1976 in-

70 2001 199 2076 terjecto,
222 1999 370 2068 videmus3
393 2001 474 2057 aliter
488 2000 521 2057 de
536 2001 603 2066 illis,
617 2019 649 2056 ac
672 1998 707 2054 de
727 2000 821 2065 nobis,
840 1996 951 2074 judica·

70 2098 147 2137 mus,
189 2079 331 2145 Quocirca
344 2081 416 2136 bene
430 2079 608 2155 praecipiunt,
623 2079 671 2150 qui
686 2090 781 2136 vetant
795 2077 950 2154 quidquam

70 2177 166 2235 agere,
183 2156 258 2230 quod
273 2157 412 2233 dubites‚§
428 2178 540 2230 aequum
555 2159 602 2224 ait,
619 2177 654 2215 aa
670 2158 810 2229 iniquum.
847 2159 951 2230 AEqui-

70 2248 114 2294 tas
129 2237 206 2294 enim
220 2237 296 2294 lucet
309 2237 375 2313 ipsa
387 2257 439 2314 per
453 2240 516 2306 cell
532 2237 668 2295 dubitatio
683 2238 884 2314 cogitationem
896 2239 952 2313 sig·

70 2317 171 2375 nificat
184 2317 330 2393 injuriam]

71 2471 144 2516 when
156 2470 287 2526 separated,
299 2471 419 2523 therefore,
432 2470 481 2515 that
491 2470 529 2515 the
544 2471 620 2515 whole
631 2471 660 2514 of
672 2472 730 2516 oaelr
742 2474 809 2515 word
825 2472 909 2517 should
922 2472 952 2515 bo

71 2523 185 2576 retained,
198 2536 248 2567 aea
267 2536 335 2578 poure
347 2525 372 2568 in
390 2525 431 2568 the
441 2525 531 2568 second
543 2525 571 2568 os
584 2526 623 2568 the
635 2526 702 2568 MSS.
714 2524 812 2570 referred
825 2529 863 2569 to:
882 2527 952 2568 when

78 2576 169 2633 joined,
180 2575 231 2620 that
243 2537 283 2620 tite
295 2582 342 2620 two
353 2577 431 2621 worda
442 2577 528 2640 ahould
539 2579 643 2639 coalesco
653 2577 703 2622 into
714 2589 772 2641 one;
784 2590 809 2621 ao
821 2578 846 2623 in
856 2578 952 2633 nequic-

71 2641 154 2684 ΨΜ·
167 2629 536 2738 incarnandum
548 2631 669 2727 doru
681 2631 858 2728 dullart}
866 2641 953 2738 uu

71 2693 215 2779 ammaim·
250 2735 340 2792 Bichop
354 2737 439 2780 Peorce
452 2716 600 2791 conjectures
617 2736 667 2780 that
684 2737 720 2780 for
735 2737 806 2790 enim,
818 2749 854 2781 we
866 2713 954 2781 should

73 2787 130 2833 read
138 2787 245 2884 guidem.
278 2788 371 2833 Ernesti
383 2789 461 2833 would
473 2790 550 2844 prefer
561 2791 649 2843 tmen,
660 2802 686 2833 or
696 2791 785 2835 autem.

107 2841 124 2897 †
156 2841 254 2885 tremes.
288 2844 417 2886 Heautont.
430 2842 444 2884 i.
457 2844 526 2886 mo.

108 2899 120 2944 ss
136 2893 285 2954 Sedunorum.
318 2895 396 2939 Three
413 2895 582 2950 conjunctione
600 2907 665 2939 serve
681 2899 705 2938 to
720 2899 822 2939 connect
838 2894 885 2938 this
902 2907 954 2939 een·

74 2951 144 2992 tenco
157 2946 265 2990 wrththe
294 2947 568 3010 reoediqg.eaidfflicilia
579 2947 699 3010 Μαάθ,
752 3001 757 3009 ,
895 3000 900 3009 ,

107 3000 206 3061 §.Quod
223 3000 256 3060 du
286 3010 317 3045 ee.
351 3002 411 3045 Plrn.
429 3001 482 3046 Lm.
503 3005 521 3045 l.
539 3003 584 3056 Ep.
599 3001 632 3054 18,
649 3003 696 3064 *ᾔει
713 3003 788 3045 tutius
805 3000 953 3062 potaerllud

73 3055 208 3113 cautissimi·
218 3065 335 3129 cuppoque
346 3058 506 3109 preceptum
520 3055 585 3109 quod
603 3053 704 3109 dubitas,
716 3066 747 3098 ne
765 3054 863 3108 secene3
880 3055 905 3097 rd
918 3067 955 3110 rp-

73 3105 271 3227 wln'litircerdli'iiao
279 3168 321 3220 per
330 3169 360 3220 ee.
388 3160 421 3221 ¹Iu
432 3171 462 3203 an
475 3162 565 3203 extract
576 3159 604 3202 of
615 3159 663 3224 thie
675 3171 779 3222 prr'rroage¹
792 3159 866 3202 found
879 3160 903 3204 in
916 3160 955 3205 the

75 3211 222 3307 wntlmgpopg
231 3212 301 3308 ἓξὲξ,
312 3215 528 3319 rppprgpppcnegprryae
540 3213 615 3258 lucet:
635 3225 689 3268 tpco
699 3226 720 3256 ra
734 3212 838 3266 omitted,
848 3213 896 3258 and
907 3226 955 3258 oer-

74 3270 484 3425 ffissln'uriippmmutianuqapud
502 3296 619 3364 l'ucitum,
637 3318 723 3364 Hister.
735 3320 772 3363 Ἡ.
806 3318 853 3374 Qui
872 3318 955 3366 celibe
