2054 3946
373 487 446 533 Lis.
463 486 481 532 1.
515 488 594 533 cel).
611 487 672 533 XX.
923 496 960 550 57

75 613 173 670 neque
197 595 401 672 perturbationi
426 598 524 664 animi,
546 615 599 653 nec
621 597 739 654 fortunae
761 597 958 655 succumbere.

75 677 176 734 Altera
190 686 234 732 est
246 695 303 744 res,
318 686 357 742 ut,
374 695 438 733 cum
454 677 492 733 ita
506 678 546 733 eis
569 676 687 733 affectus
709 676 813 743 animo,
831 688 960 752 utsupra

75 755 149 823 dixi,
164 775 210 813 res
223 775 304 831 geras
318 775 436 832 magnas
451 757 513 813 illas
536 755 650 827 quidem
673 766 701 811 et
711 756 847 812 maxime
862 757 958 823 atilae,

76 834 129 892 sed
142 845 175 892 ut
189 835 372 892 vehementer
384 835 484 892 arduas
506 836 661 910 plenasque
683 834 821 902 laborum,
837 845 866 891 et
885 837 959 911 peri·

77 915 205 971 culorum
222 925 282 972 tum
296 916 371 982 vitre,
387 925 447 972 tum
460 916 612 973 multarum
626 933 730 981 rerum,
746 933 808 987 quae
823 914 957 974 advitam

76 994 231 1069 pertinent.

116 1072 229 1130 Harum
244 1093 336 1131 rerum
359 1074 477 1131 duarum
491 1072 626 1150 splendor
640 1073 734 1131 omnis
749 1081 776 1130 et
790 1073 957 1149 amplitudo,

75 1151 150 1210 addo
172 1154 256 1210 etiarn
278 1153 438 1221 utilitatem,
454 1155 483 1211 in
504 1154 736 1229 posterioreffest:
759 1165 956 1211 nauseantem

76 1244 105 1292 et
116 1232 189 1290 ratio
204 1232 331 1290 efficiens
345 1253 464 1309 magnos
478 1235 565 1300 viros,
578 1233 662 1289 estin
677 1233 781 1307 priore.
823 1232 856 1289 ln
868 1252 902 1289 eo
915 1244 958 1290 est

74 1313 153 1369 enim
175 1311 256 1378 illud,
276 1312 354 1385 quod
374 1314 547 1371 excellentes
569 1313 679 1369 animos
700 1322 728 1367 et
748 1311 871 1370 humana
892 1331 958 1370 con·

75 1400 235 1449 temnentes
248 1392 324 1454 facit.
353 1392 386 1449 Id
399 1403 492 1449 autem
508 1392 602 1466 ipsum
619 1391 742 1448 cernitur
754 1391 783 1448 in
797 1392 919 1458 duobus,
931 1393 956 1449 si

74 1481 104 1528 et
117 1471 211 1528 solum
226 1471 265 1539 id,
280 1471 356 1544 quod
377 1474 527 1530 honesturn
549 1472 596 1538 sit,
618 1472 723 1528 bonurn
742 1471 864 1547 judices,
880 1483 908 1528 et
922 1473 956 1528 ab

74 1551 155 1608 omni
170 1551 258 1608 animi
278 1553 488 1627 perturbatione
509 1551 581 1607 liber
596 1551 645 1606 sis.
689 1550 764 1607 Nam
787 1561 815 1606 et
835 1569 877 1618 ea,
893 1569 955 1623 quae

74 1631 184 1687 eximia
204 1631 348 1705 plerisque
370 1642 399 1689 et
421 1632 556 1706 praeclara
576 1630 716 1695 videntur,
739 1648 824 1705 parva
841 1630 955 1696 ducere,

75 1727 168 1781 eaque
181 1711 289 1766 ratione
305 1712 398 1767 stabili
412 1712 550 1782 firmaque
566 1723 757 1774 contemnere,
773 1707 852 1764 fortis
868 1710 956 1767 animi

74 1788 230 1864 magnique
245 1788 405 1847 ducendum
426 1800 487 1846 est:
510 1801 538 1846 et
552 1808 595 1853 ea,
611 1807 673 1859 qnae
696 1787 825 1843 videntur
845 1791 954 1855 acerba,

74 1886 140 1940 quae
161 1869 250 1925 multa
269 1881 299 1926 et
319 1871 396 1927 varia
415 1870 444 1926 in
460 1870 608 1925 hominum
629 1867 687 1923 vita
706 1867 874 1938 fortunaque
895 1887 956 1925 ver·

74 1957 183 2014 santur,
200 1949 238 2005 ita
250 1948 333 2015 serre,
347 1958 379 2006 ut
392 1949 464 2006 nihil
478 1969 494 2005 a
508 1958 580 2004 statu
601 1957 707 2004 naturae
729 1946 868 2014 discedas,
883 1947 955 2005 nibil

74 2046 92 2083 a
105 2026 242 2103 dignitate
257 2029 404 2104 sapientis,
420 2028 528 2085 robusti
542 2027 630 2085 animi
644 2037 689 2083 est
709 2045 875 2102 magnaque
890 2046 956 2084 con·

73 2108 196 2164 stantiae.

115 2186 184 2243 Non
198 2196 243 2244 cst
256 2196 349 2244 antem
364 2197 596 2253 consentaneum,
613 2186 662 2258 qui
677 2195 753 2243 metu
774 2204 832 2244 non
847 2186 955 2264 franga-

74 2273 130 2333 tur,
153 2285 219 2322 eum
244 2267 336 2344 frangi
358 2266 531 2341 cupiditate:
563 2285 626 2332 nec,
650 2267 699 2339 qui
724 2266 860 2324 invictum
884 2286 915 2323 se
939 2287 955 2323 a

73 2344 170 2402 labore
191 2346 362 2420 praestiterit,
377 2346 454 2402 vinci
468 2366 485 2402 a
499 2346 652 2421 voluptate.
695 2345 787 2411 Quam
802 2348 838 2403 ob
854 2365 911 2402 rem
927 2358 955 2403 et

74 2423 136 2480 haec
156 2425 307 2493 videnda*
327 2437 356 2483 et
376 2428 504 2501 pecuniae
525 2425 659 2501 fugienda
679 2425 828 2500 cupiditas
872 2426 955 2481 Nibil

73 2504 151 2560 enim
164 2516 208 2560 est
222 2518 276 2562 tarn
292 2507 405 2582 angusti
419 2506 506 2563 animi
521 2516 633 2576 tamque
649 2505 738 2579 parvi,
754 2524 839 2576 quam
860 2523 954 2561 amare

73 2581 207 2640 divitias:
230 2585 301 2642 nihil
322 2584 470 2642 honestius
486 2584 782 2660 magnificentiusque,
798 2603 882 2655 quam
905 2601 954 2659 pe·

73 2663 188 2720 cuniam
202 2674 394 2731 contemnere,
409 2665 434 2720 si
446 2683 503 2720 non
514 2665 619 2720 habeas
633 2682 640 2731 ;
657 2664 682 2719 si
695 2663 811 2730 habene,
823 2662 856 2719 ad
870 2665 954 2720 bene·

73 2741 217 2799 licentiam
227 2743 480 2814 liberalitatemque
494 2742 632 2800 conferre.
662 2741 798 2800 Cavenda
813 2754 856 2798 est
867 2744 951 2799 etiarn

72 2821 171 2897 gloriae
193 2822 343 2897 cupiditas,
359 2833 390 2880 ut
410 2822 586 2897 supradixi.
628 2823 725 2898 Eripit
744 2823 820 2879 enim
842 2822 952 2878 liberta·

73 2911 142 2966 tem,
158 2921 210 2976 pro
225 2922 282 2973 qua
296 2902 484 2978 magnanimis
499 2902 567 2958 viris
583 2903 676 2959 omnis
698 2901 781 2958 debet
801 2920 864 2956 esse
886 2920 952 2957 con·

73 2980 173 3037 tentio.
215 2982 280 3038 Nec
307 3001 373 3040 vero
400 2981 520 3057 imperia
541 2980 711 3056 expetenda,
735 3000 767 3036 ac
790 2980 884 3056 potius
906 2998 952 3037 arn

105 3140 120 3164 ‘⁸
127 3139 199 3200 Nulla
210 3150 289 3202 neque
304 3139 526 3184 amnem-Libavit
537 3132 695 3195 quadrupeo.''
729 3137 779 3182 Ecl.
786 3150 808 3181 v.
816 3138 853 3192 25,
861 3137 909 3182 and
919 3136 951 3193 by

72 3192 215 3249 Propertius,
232 3194 268 3248 (rr.
282 3193 329 3248 19.)

203 3263 217 3287 “
225 3262 297 3307 Nulla
307 3274 384 3317 neque
394 3266 449 3306 ante
461 3265 514 3306 tuas
526 3262 613 3306 orietur
620 3260 672 3304 rixa
681 3259 819 3304 fenestras.”

106 3329 246 3374 *Vineam
279 3333 325 3375 For
342 3331 461 3376 cauendo:
482 3343 515 3380 at,
531 3330 719 3375 addendum-na
737 3327 795 3373 obsit
812 3328 951 3384 benignitus,

70 3395 91 3428 c.
105 3385 141 3427 14.
176 3385 204 3427 In
216 3396 288 3438 many
300 3386 368 3428 MSS.
381 3385 401 3428 is
412 3383 487 3428 found
498 3385 611 3435 adunatim·
631 3382 708 3425 which
720 3381 824 3436 reading,
837 3384 914 3438 Toup,
926 3383 951 3426 in

70 3436 107 3480 bis
119 3437 225 3480 remarks
236 3450 267 3480 on
281 3437 368 3492 Bishop
376 3439 460 3481 Pearce
469 3449 476 3492 ς
486 3439 506 3481 Η
518 3448 629 3491 umenn,
639 3435 687 3479 and
696 3435 830 3492 Faccioloti‚
838 3448 942 3493 appione

65 3490 163 3532 Several
170 3492 241 3536 MSS.
253 3491 312 3544 nise,
324 3491 372 3536 sud
383 3492 451 3539 sunt.

967 3622 985 3743 1,
