2054 3946
81 174 141 228 253
394 167 442 213 aa
466 168 665 214 autmari.

82 277 127 326 ris:
145 274 296 325 amicitiores
308 275 421 340 plurimas
433 276 554 326 continet:
566 293 663 341 quoquo
674 282 697 325 te
709 277 813 336 verteris,
821 286 905 342 presto
919 288 968 335 est:

81 345 149 392 nullo
166 346 218 393 loco
235 343 385 402 excluditur;
402 360 527 406 nunquam
545 343 717 407 intempestiva,
729 361 857 408 nnnquarn
874 348 969 395 molesta

82 419 125 458 eat
157 411 241 472 Itaque
257 426 307 459 non
318 426 387 473 aqua,
399 427 449 458 aon
461 411 511 472 igni
526 409 565 473 (ut
577 411 665 477 aiunt)
680 412 788 474 pluribus
806 412 865 460 locis
876 413 970 473 utimur,

81 493 154 538 quam
167 476 276 526 amicitia.
308 477 396 539 Neque
408 494 453 539 ego
464 493 529 526 nnnc
540 479 570 526 de
581 477 673 538 vulgari
685 487 727 527 aut
738 480 768 527 de
781 479 894 527 mediocri
907 479 970 543 (qus

81 553 162 592 tamen
174 545 226 607 ipsa
237 553 261 591 et
271 542 371 593 delectat
382 553 406 593 et
422 544 537 611 prodest)
551 545 592 594 sed
609 545 639 592 de
651 561 706 593 vera
718 554 742 594 et
759 547 871 609 perlecta,
883 548 971 609 loquor,

81 611 159 674 qualis
176 627 265 669 eorum,
277 610 319 672 qui
330 611 400 674 pauci
417 612 580 670 nominantur,
591 611 644 660 tuit.
678 612 744 660 Naar
762 621 787 660 ct
803 613 922 662 secundas
936 631 971 662 res

81 678 250 740 splendidiores
261 677 318 726 iacit
328 678 439 737 amicitia,
451 687 475 727 et
486 679 602 737 adversas,
614 677 719 742 partiens
730 680 969 745 communicansque,

81 744 187 794 leviores.

115 877 169 929 VII.
188 877 300 941 Cumque
316 879 431 942 plurimas
442 887 467 928 et
478 879 595 929 maximas
607 879 787 928 commoditates
798 880 906 929 amicitia
917 897 970 930 con-

81 944 162 1004 tineat,
174 953 226 994 tum
237 946 277 993 illa
288 945 403 994 nimirum
415 954 508 1010 prestat
520 947 638 1005 omnibus,
650 948 714 1008 quod
727 949 790 995 bona
801 963 844 1010 spe
861 950 970 1012 praelucet

80 1012 107 1061 in
125 1021 260 1075 posterum
278 1029 322 1061 nec
338 1013 454 1062 debilitari
472 1013 572 1072 animos,
590 1021 633 1062 aut
649 1014 732 1062 cadere
748 1015 845 1076 patitur.
880 1013 969 1064 Varum

80 1078 153 1128 etiam
170 1079 274 1128 amicum
285 1079 327 1143 qui
344 1080 457 1139 intuetur,
471 1088 593 1143 tamquam
610 1082 732 1144 exemplar
749 1081 847 1144 aliquod
864 1080 969 1130 intuetur

80 1146 126 1195 sui.
161 1145 278 1206 Quocirca
290 1155 314 1196 et
328 1148 437 1196 absentes
454 1148 585 1204 adsunt'et
601 1157 698 1209 egentes
716 1148 846 1207 abundant,
858 1157 883 1197 et
899 1149 969 1197 imbe-

79 1212 147 1263 cilles
159 1215 245 1272 valent,
256 1221 280 1261 et
294 1213 370 1277 (quod
387 1214 507 1263 difficilius
523 1214 589 1263 dictu
606 1218 654 1280 est)
668 1214 757 1264 mortui
769 1215 870 1263 vivunt:
890 1224 970 1265 tantus

80 1295 122 1329 eos
139 1280 223 1339 honos,
240 1281 360 1339 memoria,
378 1281 521 1329 desiderium
538 1281 688 1344 prosequitur
705 1281 853 1330 amicorum:
875 1299 906 1330 ex
923 1299 969 1346 quo

80 1347 175 1397 illorum
187 1351 255 1396 beata
272 1365 335 1396 mors
347 1347 453 1406 videtur;
470 1349 555 1396 horum
567 1348 617 1397 rita
633 1348 763 1397 laudabilis.
798 1349 871 1408 Quod
883 1349 904 1397 si
916 1366 970 1398 exe·

81 1415 152 1463 meris
163 1431 193 1463 ex
211 1424 296 1464 natura
311 1432 390 1464 rerum
407 1415 575 1463 benevolentis
592 1415 804 1479 conjunctionum
822 1432 867 1464 nec
885 1417 969 1465 domus

80 1483 130 1530 ulla
142 1498 186 1530 nec
197 1484 252 1531 urbs
264 1490 324 1530 stare
335 1482 437 1545 poterit:
449 1499 480 1531 ne
492 1481 543 1543 agri
555 1482 650 1544 quidem
662 1483 741 1531 cultus
753 1483 908 1545 permanebit.
942 1484 976 1532 ld

80 1547 101 1597 si
112 1549 193 1597 minus
204 1548 358 1611 intelligitur3
375 1557 465 1612 quanta
477 1549 512 1597 vis
524 1549 633 1598 amicitie
644 1549 823 1611 concordiaeque
834 1550 873 1605 sit,
884 1567 915 1600 ex
924 1550 969 1599 dis·

80 1615 231 1665 sensionibus
242 1624 313 1678 atque
324 1616 446 1665 discordiis
457 1616 545 1680 percipi
557 1625 641 1679 potest.
675 1617 736 1676 Quae
745 1616 811 1664 enim
823 1618 969 1666 damnatam

80 1682 177 1741 stabilis,
188 1700 240 1746 qam
258 1692 308 1733 tam
324 1684 393 1732 firma
409 1683 492 1732 civitas
508 1692 615 1746 estquis
632 1699 682 1731 non
700 1683 760 1731 odiis
777 1690 849 1746 atque
866 1684 969 1733 dissidiis

80 1749 188 1799 funditus
198 1751 272 1814 possit
283 1750 374 1799 evertit
393 1767 425 1799 ex
436 1767 491 1814 quo,
503 1760 621 1814 qnantum
632 1750 688 1799 boni
699 1750 731 1798 sit
745 1750 772 1798 in
783 1750 896 1810 amicitia,
905 1751 968 1816 judi-

81 1816 130 1866 cari
141 1825 225 1880 potest

114 1883 301 1945 Agrigentinum
324 1884 428 1947 quidem,
450 1885 548 1934 doctum
570 1885 697 1947 quemdam
719 1883 805 1951 virum,
824 1885 969 1935 carminibus

81 1949 170 1999 Grecis
182 1951 336 2000 vaticinatum
349 1952 435 2010 ferunt,
448 1969 500 2015 quae
517 1953 543 2001 in
562 1968 641 2000 rernm
658 1961 744 2001 natura
761 1952 859 2014 totoque
877 1953 967 2002 mundo

80 2025 221 2075 constarent,
233 2033 331 2081 qumque
343 2028 500 2076 moverentur,
512 2036 540 2068 ea
551 2019 689 2068 contrahere
705 2017 842 2076 amicitiam,
854 2018 968 2083 dissipare

80 2084 228 2132 discordiam.
261 2085 342 2147 Atque
353 2085 400 2134 hoc
411 2086 508 2149 quidem
523 2102 606 2134 omnes
624 2087 734 2133 mortales
746 2093 770 2133 et
786 2085 933 2146 intelligunt,
945 2095 968 2136 et

80 2167 105 2200 rc
122 2153 229 2214 probant.
263 2151 352 2214 ltaque,
365 2153 386 2200 si
402 2154 498 2215 quando
515 2153 610 2216 aliquod
629 2153 734 2200 officium
750 2152 842 2200 exstitit
860 2153 931 2202 amici
942 2154 968 2202 in

80 2218 190 2282 periculis
208 2226 250 2266 aut
265 2218 380 2267 adeundis
398 2228 440 2268 aut
457 2219 668 2276 communicandis,
681 2218 734 2281 quis
755 2227 797 2272 est.
815 2219 857 2281 qui
875 2220 899 2268 id
917 2236 967 2269 non

80 2285 191 2334 maximis
203 2284 284 2334 efferat
295 2286 422 2334 laudibusl
459 2287 509 2346 Qui
521 2289 633 2335 clamores
645 2294 694 2334 tota
705 2301 777 2332 cavea
788 2302 865 2349 nuper
875 2286 902 2335 in
913 2287 968 2336 hos·

79 2352 135 2415 pitis
147 2361 170 2401 et
182 2352 252 2401 amici
269 2353 323 2408 mei,
336 2354 371 2401 M.
383 2353 490 2411 Pacuvii,
502 2370 565 2402 nova
575 2355 670 2410 sabula;
687 2369 750 2409 cum,
762 2352 887 2413 ignorante
905 2371 967 2416 rege,

80 2429 132 2468 uter
143 2436 226 2469 eorum
243 2428 304 2468 esset
316 2420 420 2478 Orestes,
432 2420 534 2484 Pylades
552 2421 660 2470 Orestem
672 2435 697 2468 se
709 2435 761 2467 esse
779 2420 874 2479 diceret,
887 2428 914 2469 ut
926 2438 968 2485 pro

79 2486 120 2535 illo
132 2496 269 2544 necaretur3
288 2488 383 2535 Orestes
399 2495 487 2545 autem,
499 2488 532 2535 ita
544 2496 570 2536 ut
584 2496 640 2544 erat,
653 2488 761 2535 Orestem
779 2504 805 2534 se
821 2505 874 2536 esse
891 2505 968 2550 persc-

80 2556 184 2602 voraret!
221 2554 317 2602 Stantcs
334 2554 477 2614 plaudebant
494 2555 519 2601 in
531 2571 556 2601 re
567 2555 637 2602 ficta:
655 2554 711 2616 quid
724 2554 864 2603 arbitramur
875 2555 901 2603 in
913 2572 968 2604 vera

79 2619 152 2670 luisse
165 2622 284 2669 facturos!
321 2621 401 2669 Facile
413 2622 533 2669 indicabat
543 2621 595 2684 ipsa
608 2628 693 2668 natura
704 2620 753 2668 vim
765 2638 841 2678 suam,
855 2639 912 2670 curn
925 2623 967 2669 ho·

80 2688 164 2746 mines,
177 2689 240 2751 quod
258 2688 333 2736 facere
351 2689 397 2752 ipsi
413 2705 463 2736 non
480 2699 584 2751 possent,
596 2688 621 2735 id
632 2696 694 2735 rectc
705 2688 756 2735 fieri
774 2688 799 2735 in
818 2691 891 2738 altero
905 2690 968 2754 judi·

79 2766 165 2804 carent.

114 2823 238 2870 Hactenus
256 2822 315 2870 mihi
327 2823 413 2880 videor,
431 2822 460 2870 de
478 2821 581 2871 amicitia
598 2821 655 2884 qaid
673 2820 792 2878 sentirem,
810 2823 916 2884 prtuisse
933 2824 968 2873 di-

79 2904 139 2937 cere,
173 2890 248 2950 Siqua
266 2898 375 2950 praetcrea
390 2897 447 2937 sunt
466 2888 548 2952 (credo
565 2897 646 2937 autem
663 2905 715 2936 esse
732 2890 827 2955 multa)
843 2886 872 2938 ab
891 2891 928 2949 iis,
946 2892 966 2939 si

80 2955 201 3013 videbitur,
214 2957 255 3018 qui
266 2956 311 3004 ista
321 2957 449 3020 disputant,
462 2955 589 3018 quaritote.

113 3023 238 3070 Fannius.
256 3023 309 3070 Nos
330 3032 435 3071 autema
453 3032 476 3071 tc
495 3023 590 3086 potins3
608 3039 754 3085 quamquam
775 3023 846 3071 etiam
866 3026 896 3072 ab
917 3024 966 3073 istis

75 3105 140 3151 sape
151 3089 256 3152 quaesivi,
269 3097 292 3138 et
303 3091 390 3149 audivi,
402 3107 451 3138 non
470 3090 559 3138 invitus
570 3089 697 3152 equidem:
716 3090 757 3137 sed
769 3091 833 3138 aliud
846 3093 964 3152 quoddam

63 3156 207 3220 expetimus
219 3158 289 3210 filum
308 3158 424 3211 orationis
441 3167 497 3210 tna.
531 3154 642 3208 Samon.
654 3156 724 3206 Tum
738 3157 815 3218 magis
832 3158 857 3206 id
869 3160 964 3211 diceres.
