2054 3946
66 204 122 257 112
387 198 436 244 un
463 198 641 245 osricus.

65 309 190 365 studium
205 308 360 383 sapientire.
404 308 551 383 Sapientia
564 316 657 365 autem
679 316 733 374 est,
757 304 803 387 (ut
820 327 838 363 n
849 308 942 365 reten-

64 390 117 444 bus
132 388 312 463 philosophis
327 387 474 444 definitum
490 388 544 464 est)
560 406 653 444 rerum
668 386 832 443 divinarum
851 396 880 443 et
898 386 941 443 hu·

65 485 222 532 manarum,
242 486 457 538 causarumque,
481 468 584 538 quibus
611 466 654 522 hae
682 484 728 521 res
757 466 942 533 continenmr,

66 547 203 601 scientia:
227 547 307 621 eujus
328 546 453 602 studium
469 547 518 617 qui
533 547 680 619 vituperat,
696 543 775 601 haud
788 562 859 603 saue
871 544 943 603 intel·

65 626 134 701 ligo,
151 624 286 696 quidnam
301 625 346 691 sit,
363 624 440 696 quod
453 624 626 680 laudandum
640 634 730 698 putet.

108 704 183 759 Nam
198 705 258 760 sive
279 703 429 760 oblectatio
445 705 578 775 quaeritur
600 703 687 759 animi
707 703 885 775 requiesque
903 720 944 759 eu·

66 801 180 849 rarum;
209 801 271 854 quae
295 783 417 839 eonserri
438 801 503 838 cum
524 801 623 839 eorum
644 781 747 839 studiis
773 794 881 857 potest,
901 782 944 855 qui

66 880 181 936 semper
209 861 315 932 aliquid
337 862 498 933 anquirunt,
520 861 595 933 quod
619 871 730 937 spectet
753 872 784 917 et
805 862 898 917 valeat
914 858 945 917 ul

66 942 138 997 bene
160 941 297 1010 beateque
319 940 493 997 vivendum?
515 941 575 997 sive
597 942 667 998 ratio
686 940 945 997 constantiaevirtu·

66 1020 160 1091 tisqne
176 1018 287 1075 ducitur
296 1028 322 1086 ,*
339 1031 386 1075 aut
399 1020 460 1077 haee
475 1039 519 1076 ars
534 1030 588 1086 est,
604 1031 651 1076 aut
663 1020 741 1076 nulla
756 1020 888 1086 omniuo,
900 1036 945 1095 per

67 1118 152 1170 quam
176 1116 223 1153 eas
250 1117 443 1169 assequamur.
495 1099 612 1156 Nullam
640 1099 735 1155 dicere
761 1099 944 1156 maximarum
985 1130 987 1163 ;

67 1197 161 1234 rerum
176 1188 264 1234 artem
280 1196 354 1244 esse,
370 1197 435 1234 eum
456 1179 638 1235 minimarum
660 1178 722 1234 sine
737 1190 798 1235 arte
812 1178 892 1235 nulla
903 1176 944 1245 sit,
985 1180 987 1217 ³

67 1258 216 1314 hominum
235 1269 278 1313 est
299 1276 398 1332 parum
421 1257 597 1314 considerate
616 1257 806 1329 loquentium,
824 1266 907 1329 atque
919 1256 945 1313 is
983 1260 987 1319 ζ

68 1337 200 1394 maximis
216 1338 299 1392 rebus
320 1338 483 1393 errantium.
526 1337 558 1392 si
573 1347 667 1393 autem
687 1346 732 1391 est
752 1336 851 1409 aliqua
870 1334 946 1393 disei-
982 1322 987 1409 l

68 1417 145 1492 plina
160 1416 290 1482 virtutis3
316 1417 364 1472 ubi
386 1435 419 1471 ea
439 1426 588 1487 quaeretur,
604 1435 669 1473 curn
690 1416 724 1471 ab
745 1415 802 1473 hoc
824 1412 946 1473 discendi
985 1426 987 1497 j

68 1514 171 1571 genere
194 1495 384 1551 discesseris?
427 1495 486 1551 Sed
506 1495 576 1562 haee,
593 1514 658 1552 curn
679 1494 713 1551 ad
736 1494 946 1571 philosophiam
984 1536 987 1559 ,

68 1575 259 1640 cohortamur,
288 1575 445 1631 accuratius
473 1574 609 1648 disputari
642 1573 755 1630 solent:
790 1574 872 1647 quod
896 1572 947 1631 allo

69 1654 192 1726 quodam
217 1654 302 1715 libroi
323 1654 453 1711 lecimus.
498 1653 563 1710 Hoc
577 1667 671 1710 autern
691 1663 823 1727 tempore
844 1660 946 1709 tantum

68 1734 151 1790 nobis
167 1733 366 1790 declarandum
387 1733 449 1799 suit,
465 1752 514 1789 cur
535 1733 623 1789 orbati
644 1732 809 1807 reipubliere
830 1731 947 1789 muneri·

68 1814 121 1869 bus
137 1812 172 1868 ad
187 1813 241 1869 hoe
256 1832 307 1869 nos
323 1813 447 1869 studium
461 1813 642 1887 potissimum
657 1810 892 1869 contulissemus.

110 1891 276 1965 Oeeuriturss
294 1904 387 1949 autem
403 1892 495 1956 nobis»,
512 1891 668 1961 etquidem
681 1911 699 1947 a
711 1891 803 1947 doctis
818 1900 849 1946 et
861 1888 947 1947 erudi·

69 1972 117 2036 tis,
134 1973 334 2042 quaerentibus,
350 1971 456 2026 satisne
471 1970 659 2042 constanter,§
682 1970 774 2026 saeere
794 1968 947 2033 videamur,

71 2050 130 2121 qui,
148 2068 213 2106 curn
228 2051 336 2125 percipi
352 2050 424 2106 nihil
440 2067 524 2125 posse
539 2048 676 2115 dieamus,
689 2060 784 2105 tamen
797 2058 828 2105 et
840 2048 905 2107 aliis
917 2046 947 2105 (le

71 2130 154 2184 rebus
170 2129 308 2186 disserere
323 2130 476 2194 soleamne,
489 2138 517 2184 et
530 2128 585 2184 hoe
596 2129 660 2202 ipso
672 2138 800 2202 tempore
813 2136 948 2202 preeeeptu

71 2207 158 2264 officii
173 2227 386 2284 persequamur.
429 2208 539 2273 Quibus
552 2207 654 2263 vellem
668 2207 737 2262 satis
752 2207 869 2282 cognita
879 2214 949 2263 esset

73 2298 167 2343 nostra
181 2289 329 2344 sententia.
373 2287 441 2344 Non
464 2287 540 2342 enim
563 2304 661 2341 sumus
681 2285 712 2352 ii,
728 2304 853 2357 quornm
872 2302 949 2361 vege·

72 2378 116 2422 tur
130 2368 241 2423 animus
257 2385 361 2430 errore,
377 2384 429 2422 nee
444 2365 547 2421 habeat
566 2384 702 2436 unquam,
716 2364 788 2436 quid
807 2374 947 2436 sequaun.

72 2447 142 2511 Qua*
165 2446 241 2502 enim
262 2456 339 2502 esset
361 2446 414 2501 ista
436 2464 526 2506 mens,
542 2444 587 2500 vel
608 2463 670 2515 quae
692 2444 750 2499 vita
772 2444 882 2519 potius,
897 2460 947 2499 noa

73 2525 156 2582 modo
180 2525 352 2600 disputandi,
372 2523 423 2580 sed
447 2523 560 2580 vivendi
582 2524 689 2579 ratione
714 2522 847 2579 sublata?
889 2522 947 2579 Not

409 2648 560 2692 CHAPTER
579 2647 612 2691 ll.

102 2741 115 2767 r
129 2733 381 2795 Virtutisquertner'tor.
415 2731 541 2776 Rationem
552 2729 655 2785 albinus
672 2730 761 2785 ducere,
772 2730 816 2775 has
832 2731 873 2776 tha
888 2740 947 2775 sums

69 2799 181 2900 meppppp
190 2785 553 2893 pporlpllprrztrlpprwpnbpqqhfflgiml
571 2841 627 2880 note
638 2835 664 2880 in
676 2838 830 2899 one-Msffion
842 2836 890 2881 this

68 2904 123 2946 sege
139 2898 258 2935 intimatos
270 2893 320 2935 that
331 2892 369 2935 tlte
379 2890 440 2934 boel(
451 2891 505 2934 thus
516 2891 614 2951 referteo
624 2895 648 2934 to
659 2903 708 2933 was
720 2889 840 2933 mscrrbed
852 2890 886 2951 Η,
912 2896 947 2949 ‘ll'

67 2945 125 2997 sius,
136 2946 312 3000 untbrtunately
325 2946 377 2989 lost.
411 2946 442 2987 St.
461 2947 588 2996 Ausustrn,
602 2956 626 2987 1n
645 2943 682 2986 his
700 2943 859 2997 consessione,
870 2942 947 2986 hbui.

68 3010 87 3040 r.
99 3000 121 3058 ‘l’
133 2998 187 3041 thus
199 2999 288 3058 allodes
300 3002 324 3042 to
336 2999 366 3042 lt:
385 2998 450 3059 “.1¹¹⁰
462 2997 518 3040 liber
536 2997 635 3040 mutavit
652 2996 761 3040 effectum
780 3008 872 3058 meum,
881 2998 905 3040 el
919 2992 946 3039 ad

68 3053 304 3146 tsssgsssffl'rp⁰mm⁰’
317 3056 417 3095 mutavit
428 3062 510 3105 preces
526 3062 605 3103 meas3
622 3054 646 3093 et
657 3054 718 3104 vota,
729 3062 757 3094 ee
772 3049 888 3093 desideria
898 3057 947 3093 mc·

97 3135 280 3218 maehum:
300 3157 318 3203 u
328 3157 347 3202 e
359 3157 465 3214 operer.
761 3207 766 3217 ,

90 3206 103 3261 §
117 3207 217 3255 Saltem
226 3213 372 3260 correlarzter.
411 3210 481 3258 With
493 3222 509 3256 e
521 3208 566 3254 dne
578 3208 699 3262 regordto
710 3208 860 3262 cesarem.
