2054 3946
334 528 405 574 are.
422 527 442 572 1.
476 527 553 572 cir.
574 527 680 572 xxiv.
914 534 951 590 65

70 647 100 695 ut
121 635 275 709 aliquando
295 635 447 694 dicendum
465 636 511 702 sit,
528 655 584 693 noo
601 642 757 711 putaram*
800 637 872 694 llaec
886 649 952 694 sunt

68 735 159 792 opera
176 716 272 792 magni
286 717 373 774 animi
388 726 417 772 et
429 715 548 781 excelsi,
563 726 591 771 et
606 715 754 790 prudentia
774 718 951 788 consilioque

70 796 196 853 fidentis.
239 796 362 852 Temere
383 805 477 852 autem
492 798 522 852 in
537 796 597 851 acie
612 797 729 862 versari,
745 808 773 852 et
788 816 870 853 manu
887 815 952 852 cum

71 875 154 933 hoste
169 875 333 951 confligere,
349 876 472 931 immane
488 873 622 946 quiddam
637 884 667 931 et
680 876 835 932 belluarum
858 876 952 932 simile

71 966 135 1012 est:
158 955 209 1012 sed
224 975 289 1012 curn
305 967 416 1030 tempus
432 955 644 1025 necessitasque
660 955 793 1030 postulat,
809 955 953 1011 decertan-

70 1035 140 1093 dum
161 1054 247 1092 manu
268 1045 321 1101 est,
336 1043 365 1091 et
384 1052 460 1091 mors
481 1035 611 1090 servituti
632 1033 855 1109 turpitudinique
877 1044 953 1092 ante·

72 1114 214 1193 ponenda.
574 1130 580 1145 ·

73 1239 163 1299 CAP.
190 1240 302 1298 XXIV.
324 1237 434 1316 Pergit
451 1239 550 1297 Cicero
572 1239 605 1296 in
627 1237 835 1298 enumerandis
851 1239 953 1316 rtfficiia

341 1319 538 1400 fortitudinis
552 1318 669 1376 bellice.

111 1431 160 1490 Da
188 1431 347 1489 evertendis
375 1442 468 1488 autern
489 1431 714 1505 diripiendisque
735 1433 850 1488 urbibus
872 1430 953 1488 valde

72 1511 310 1569 considerandum
321 1521 373 1576 est,
387 1510 501 1582 nequid
514 1511 645 1577 temere‚†
659 1530 694 1568 ne
709 1511 778 1582 quid
792 1511 951 1568 crudeliter.

71 1591 163 1663 quue
184 1601 228 1646 est
248 1592 301 1648 viri
325 1591 431 1666 magni,
454 1592 536 1647 rebus
558 1591 698 1665 agitatis,‡
720 1592 820 1666 punire
844 1602 952 1656 sontes,

71 1671 283 1728 multitudinem
299 1688 482 1736 conservare;
505 1670 627 1726 inomni
644 1669 763 1734 fortuna,
780 1679 855 1725 recta
869 1681 953 1742 atque

72 1751 195 1808 honesta
215 1751 345 1807 retinere.
389 1749 429 1807 Ut
450 1749 527 1805 enim
553 1760 628 1814 sunt,
645 1747 886 1820 quemadmodum
908 1769 954 1806 su-

70 1849 124 1906 pra
145 1829 216 1894 dixi.
239 1829 288 1901 qui
309 1829 423 1886 urbanis
444 1829 528 1885 rebus
549 1828 665 1884 bellicas
689 1837 883 1902 anteponunt:
911 1829 954 1884 sic

71 1910 198 1984 reperias
214 1910 327 1974 multos,
343 1909 445 1980 quibus
468 1908 628 1982 periculosa
648 1917 676 1963 et
696 1906 787 1962 calida
808 1909 954 1981 consilia‚§

72 1990 178 2062 quietis
200 2005 229 2044 et
252 1989 392 2064 cogitatis,
416 1997 444 2043 et
468 1986 671 2063 splendidiora,
694 1996 722 2043 et
746 1987 854 2062 majora
879 1987 955 2044 vide·

73 2078 165 2127 antur.

114 2148 269 2217 Nunquam
286 2146 403 2203 omuino
424 2145 542 2221 periculi
564 2145 630 2221 suga
651 2144 885 2202 committendum
900 2155 953 2211 est,

73 2237 104 2283 ut
118 2227 248 2282 imbelles
264 2225 411 2297 timidique
424 2225 578 2281 videamur.
622 2223 679 2281 Sed
694 2223 859 2300 fugiendum
870 2226 954 2282 etiam

74 2306 154 2372 illud,
170 2325 206 2362 ne
221 2305 373 2362 offeramus
389 2324 440 2361 nos
456 2304 591 2378 perieulis
606 2305 668 2360 sine
689 2323 796 2371 causa;
819 2324 875 2376 qno
890 2324 955 2360 esse

73 2386 147 2443 nihil
162 2395 255 2460 potest
272 2385 396 2441 stultius.
439 2384 618 2459 Quapropter
632 2384 661 2439 in
677 2383 806 2442 adeuntis
820 2386 955 2460 perieulis

74 2464 251 2522 consuetudo
265 2463 402 2521 imitanda
419 2463 594 2520 medicorum
610 2474 663 2530 est,
680 2465 729 2535 qul
749 2464 849 2521 leviter
868 2483 956 2541 aegro·

108 2596 121 2625 t
138 2592 194 2636 Non
207 2591 328 2646 putarem.
362 2591 452 2634 Seneca
472 2588 513 2645 (de
530 2589 576 2633 Ira.
588 2589 612 2633 ii.
625 2589 667 2645 31)
686 2589 806 2633 attributes
825 2594 849 2632 to
869 2589 956 2635 Fabius

72 2645 205 2693 Maximus.
214 2644 252 2688 the
259 2644 351 2688 remark
359 2643 409 2687 that
420 2643 465 2686 this
474 2643 612 2697 expression
626 2644 645 2686 is
657 2643 787 2697 peculiarly
797 2643 955 2697 unhecoming

72 2714 88 2744 a
106 2699 209 2754 general.
243 2699 350 2741 Valerius
360 2699 426 2741 Max.
440 2696 492 2752 (hb.
501 2697 540 2739 vii.
552 2696 578 2751 2)
593 2696 714 2740 attributes
733 2697 749 2739 it
765 2704 790 2739 to
802 2696 881 2750 Scipio
895 2697 956 2740 Atri-

73 2765 157 2797 ranus.
190 2755 241 2796 (the
259 2751 367 2795 instance
379 2750 406 2792 ot
417 2750 455 2792 the
468 2749 574 2804 superior
586 2753 702 2793 terseness
714 2750 741 2792 ot
755 2750 793 2793 the
806 2750 881 2802 Latin,
894 2761 956 2792 com·

73 2807 147 2860 pared
169 2805 225 2847 with
245 2816 310 2847 some
329 2803 427 2846 modern
445 2806 553 2856 tongues,
570 2814 670 2856 appears
687 2803 712 2846 in
730 2802 776 2846 this
793 2803 885 2857 phrase.
919 2803 957 2846 To

74 2860 185 2903 translate
194 2859 211 2901 it
223 2858 273 2901 into
285 2856 386 2912 English
397 2868 424 2899 or
434 2854 535 2908 French,
546 2855 583 2898 six
594 2856 672 2898 words
681 2868 719 2899 are
731 2868 864 2910 necessary.

382 2956 536 3000 CHAPTER
552 2955 643 3001 XXIV.

106 3029 124 3086 †
144 3029 246 3074 Temere.
280 3027 341 3076 siat.
354 3025 505 3080 understood.

108 3082 256 3136 arguam.
294 3079 470 3134 Wetttuer'ghert
486 3079 537 3122 and
553 3079 701 3124 considered:
720 3079 757 3122 On
774 3078 898 3123 maiorer
926 3089 956 3122 ee·

73 3136 131 3183 tion.
168 3135 280 3188 <regirare
301 3146 384 3184 seems,
405 3132 498 3185 indeed,
518 3131 560 3176 but
582 3145 596 3175 a
618 3132 764 3175 contractiori
784 3131 812 3174 ot
830 3133 956 3187 coug'ure.

73 3189 202 3238 Faccioloti
214 3189 351 3240 interprets;
369 3185 490 3229 “turbatis
502 3190 525 3228 et
534 3185 627 3240 jactatis
640 3185 734 3228 rebus.”

111 3243 125 3298 ξ
147 3242 231 3286 Colide
243 3239 357 3286 consilia:
374 3239 437 3292 ruah,
443 3239 580 3294 precipitante
590 3238 742 3283 resotutions.

316 3308 385 3350 πολλὰ
394 3307 418 3355 δὴ
428 3309 461 3349 καὶ
472 3309 536 3358 θερμὰ
545 3308 580 3349 rui
590 3306 648 3364 λόγῳ
657 3307 716 3356 κακὰ,

289 3359 325 3399 καὶ
333 3359 396 3409 χερσὶ
405 3359 440 3398 nui
450 3358 538 3398 νώτοισι
548 3357 656 3408 μοχθήσας
666 3355 715 3407 ἐγώ.

593 3406 701 3460 Sophocl.
713 3403 824 3448 Trachin.
834 3403 923 3449 10489.

65 3477 150 3573 §pige
159 3490 192 3521 ne
203 3476 278 3522 nimie
294 3476 399 3523 calidum
417 3475 449 3522 sit
462 3474 533 3521 modo
553 3472 774 3534 (scmunshiumtss’
789 3475 849 3520 ter.
859 3474 954 3520 eundi

504 3593 540 3650 b*
