<?xml version="1.0" encoding="UTF-8"?>
<!DOCTYPE html PUBLIC "-//W3C//DTD XHTML 1.0 Transitional//EN"
    "http://www.w3.org/TR/xhtml1/DTD/xhtml1-transitional.dtd">
<html xmlns="http://www.w3.org/1999/xhtml" xml:lang="en" lang="en">
 <head>
  <title>
</title>
<meta http-equiv="Content-Type" content="text/html;charset=utf-8" />
  <meta name='ocr-system' content='tesseract 3.04.00' />
  <meta name='ocr-capabilities' content='ocr_page ocr_carea ocr_par ocr_line ocrx_word'/>
</head>
<body>
  <div class='ocr_page' id='page_1' title='image "./mtulliiciceroni41cicegoog/mtulliiciceroni41cicegoog_0140.png"; bbox 0 0 2054 3946; ppageno 0'>
   <div class='ocr_carea' id='block_1_1' title="bbox 352 480 956 540">
    <p class='ocr_par' dir='ltr' id='par_1_1' title="bbox 352 480 956 540">
     <span class='ocr_line' id='line_1_1' title="bbox 352 480 956 540; baseline 0.01 -14"><span class='ocrx_word' id='word_1_1' title='bbox 352 482 427 530; x_wconf 76' lang='lat' dir='ltr'><strong>uta.</strong></span> <span class='ocrx_word' id='word_1_2' title='bbox 450 481 488 526; x_wconf 90' lang='lat'><strong>11.</strong></span> <span class='ocrx_word' id='word_1_3' title='bbox 521 480 602 527; x_wconf 80' lang='lat' dir='ltr'>CAP.</span> <span class='ocrx_word' id='word_1_4' title='bbox 626 480 673 527; x_wconf 85' lang='lat' dir='ltr'><strong>xl.</strong></span> <span class='ocrx_word' id='word_1_5' title='bbox 902 486 956 540; x_wconf 74' lang='lat'><strong>129</strong></span> 
     </span>
    </p>
   </div>
   <div class='ocr_carea' id='block_1_2' title="bbox 67 590 958 1223">
    <p class='ocr_par' dir='ltr' id='par_1_2' title="bbox 67 590 958 1223">
     <span class='ocr_line' id='line_1_2' title="bbox 68 590 957 663; baseline -0.004 -14"><span class='ocrx_word' id='word_1_6' title='bbox 68 590 177 650; x_wconf 66' lang='lat' dir='ltr'><strong>animi*</strong></span> <span class='ocrx_word' id='word_1_7' title='bbox 203 608 220 646; x_wconf 88' lang='lat' dir='ltr'><strong>a</strong></span> <span class='ocrx_word' id='word_1_8' title='bbox 240 591 341 649; x_wconf 81' lang='lat' dir='ltr'><strong>virtuto</strong></span> <span class='ocrx_word' id='word_1_9' title='bbox 362 590 548 663; x_wconf 81' lang='lat' dir='ltr'><strong>detorquent3</strong></span> <span class='ocrx_word' id='word_1_10' title='bbox 571 600 600 647; x_wconf 87' lang='lat' dir='ltr'><strong>et</strong></span> <span class='ocrx_word' id='word_1_11' title='bbox 619 591 750 648; x_wconf 91' lang='lat' dir='ltr'><strong>dolorum</strong></span> <span class='ocrx_word' id='word_1_12' title='bbox 773 611 837 648; x_wconf 90' lang='lat' dir='ltr'><strong>eum</strong></span> <span class='ocrx_word' id='word_1_13' title='bbox 861 590 957 647; x_wconf 82' lang='lat' dir='ltr'><strong>adino·</strong></span> 
     </span>
     <span class='ocr_line' id='line_1_3' title="bbox 68 669 955 746; baseline 0 -19"><span class='ocrx_word' id='word_1_14' title='bbox 68 682 173 731; x_wconf 85' lang='lat' dir='ltr'><strong>ventur</strong></span> <span class='ocrx_word' id='word_1_15' title='bbox 205 669 308 738; x_wconf 85' lang='lat' dir='ltr'><strong>faees,†</strong></span> <span class='ocrx_word' id='word_1_16' title='bbox 341 681 443 746; x_wconf 85' lang='lat' dir='ltr'><strong>praeter</strong></span> <span class='ocrx_word' id='word_1_17' title='bbox 471 669 586 727; x_wconf 89' lang='lat' dir='ltr'><strong>modum</strong></span> <span class='ocrx_word' id='word_1_18' title='bbox 614 671 743 746; x_wconf 85' lang='lat' dir='ltr'>plerique</span> <span class='ocrx_word' id='word_1_19' title='bbox 770 682 955 727; x_wconf 77' lang='lat' dir='ltr'><strong>exterrentur.</strong></span> 
     </span>
     <span class='ocr_line' id='line_1_4' title="bbox 70 750 958 826; baseline -0.003 -17"><span class='ocrx_word' id='word_1_20' title='bbox 70 750 149 817; x_wconf 86' lang='lat' dir='ltr'><strong>Vita,</strong></span> <span class='ocrx_word' id='word_1_21' title='bbox 165 767 253 818; x_wconf 88' lang='lat' dir='ltr'><strong>mors,</strong></span> <span class='ocrx_word' id='word_1_22' title='bbox 273 750 389 818; x_wconf 74' lang='lat' dir='ltr'><strong>divitiae,</strong></span> <span class='ocrx_word' id='word_1_23' title='bbox 411 760 572 826; x_wconf 83' lang='lat' dir='ltr'>paupertas,</span> <span class='ocrx_word' id='word_1_24' title='bbox 592 768 694 807; x_wconf 90' lang='lat' dir='ltr'><strong>omnes</strong></span> <span class='ocrx_word' id='word_1_25' title='bbox 719 750 850 808; x_wconf 90' lang='lat' dir='ltr'><strong>homines</strong></span> <span class='ocrx_word' id='word_1_26' title='bbox 874 751 958 806; x_wconf 91' lang='lat' dir='ltr'><strong>vehe-</strong></span> 
     </span>
     <span class='ocr_line' id='line_1_5' title="bbox 69 830 958 907; baseline -0.003 -18"><span class='ocrx_word' id='word_1_27' title='bbox 69 830 250 889; x_wconf 84' lang='lat' dir='ltr'><strong>mentissime</strong></span> <span class='ocrx_word' id='word_1_28' title='bbox 264 840 440 907; x_wconf 86' lang='lat' dir='ltr'><strong>permovent.</strong></span> <span class='ocrx_word' id='word_1_29' title='bbox 484 831 554 895; x_wconf 82' lang='lat' dir='ltr'><strong>Quae</strong></span> <span class='ocrx_word' id='word_1_30' title='bbox 567 830 616 902; x_wconf 90' lang='lat' dir='ltr'><strong>qui</strong></span> <span class='ocrx_word' id='word_1_31' title='bbox 632 830 661 887; x_wconf 94' lang='lat' dir='ltr'><strong>in</strong></span> <span class='ocrx_word' id='word_1_32' title='bbox 673 839 821 901; x_wconf 90' lang='lat' dir='ltr'><strong>utramque</strong></span> <span class='ocrx_word' id='word_1_33' title='bbox 833 834 958 906; x_wconf 66' lang='lat' dir='ltr'><strong>partem</strong></span> 
     </span>
     <span class='ocr_line' id='line_1_6' title="bbox 69 909 956 986; baseline -0.005 -17"><span class='ocrx_word' id='word_1_34' title='bbox 69 910 188 969; x_wconf 80' lang='lat' dir='ltr'><strong>excelso</strong></span> <span class='ocrx_word' id='word_1_35' title='bbox 214 911 309 967; x_wconf 90' lang='lat' dir='ltr'><strong>animo</strong></span> <span class='ocrx_word' id='word_1_36' title='bbox 331 929 491 986; x_wconf 84' lang='lat' dir='ltr'><strong>magnoque</strong></span> <span class='ocrx_word' id='word_1_37' title='bbox 517 909 689 986; x_wconf 89' lang='lat' dir='ltr'><strong>despiciunt,</strong></span> <span class='ocrx_word' id='word_1_38' title='bbox 704 929 769 967; x_wconf 91' lang='lat' dir='ltr'><strong>enm</strong></span> <span class='ocrx_word' id='word_1_39' title='bbox 795 910 890 980; x_wconf 87' lang='lat' dir='ltr'><strong>aliqua</strong></span> <span class='ocrx_word' id='word_1_40' title='bbox 911 910 956 965; x_wconf 87' lang='lat' dir='ltr'><strong>his</strong></span> 
     </span>
     <span class='ocr_line' id='line_1_7' title="bbox 70 988 958 1067; baseline -0.003 -18"><span class='ocrx_word' id='word_1_41' title='bbox 70 990 168 1067; x_wconf 89' lang='lat' dir='ltr'><strong>ampla</strong></span> <span class='ocrx_word' id='word_1_42' title='bbox 189 999 217 1046; x_wconf 92' lang='lat' dir='ltr'><strong>et</strong></span> <span class='ocrx_word' id='word_1_43' title='bbox 237 990 356 1047; x_wconf 89' lang='lat' dir='ltr'><strong>honesta</strong></span> <span class='ocrx_word' id='word_1_44' title='bbox 377 1008 422 1046; x_wconf 87' lang='lat' dir='ltr'><strong>res</strong></span> <span class='ocrx_word' id='word_1_45' title='bbox 443 990 555 1067; x_wconf 86' lang='lat' dir='ltr'><strong>objecta</strong></span> <span class='ocrx_word' id='word_1_46' title='bbox 567 999 620 1057; x_wconf 91' lang='lat' dir='ltr'><strong>est,</strong></span> <span class='ocrx_word' id='word_1_47' title='bbox 637 999 710 1046; x_wconf 89' lang='lat' dir='ltr'><strong>totos</strong></span> <span class='ocrx_word' id='word_1_48' title='bbox 725 989 760 1045; x_wconf 91' lang='lat' dir='ltr'><strong>ad</strong></span> <span class='ocrx_word' id='word_1_49' title='bbox 775 1008 805 1046; x_wconf 88' lang='lat' dir='ltr'><strong>se</strong></span> <span class='ocrx_word' id='word_1_50' title='bbox 821 988 958 1046; x_wconf 81' lang='lat' dir='ltr'><strong>convertit</strong></span> 
     </span>
     <span class='ocr_line' id='line_1_8' title="bbox 70 1068 957 1145; baseline -0.003 -17"><span class='ocrx_word' id='word_1_51' title='bbox 70 1081 100 1128; x_wconf 89' lang='lat' dir='ltr'><strong>et</strong></span> <span class='ocrx_word' id='word_1_52' title='bbox 125 1071 209 1144; x_wconf 82' lang='lat' dir='ltr'><strong>rapit.</strong></span> <span class='ocrx_word' id='word_1_53' title='bbox 251 1069 329 1125; x_wconf 70' lang='lat' dir='ltr'><strong>&#39;l&#39;urn</strong></span> <span class='ocrx_word' id='word_1_54' title='bbox 351 1069 415 1140; x_wconf 87' lang='lat' dir='ltr'><strong>quis</strong></span> <span class='ocrx_word' id='word_1_55' title='bbox 441 1088 498 1126; x_wconf 94' lang='lat' dir='ltr'><strong>non</strong></span> <span class='ocrx_word' id='word_1_56' title='bbox 523 1069 676 1126; x_wconf 83' lang='lat' dir='ltr'>admiretur</span> <span class='ocrx_word' id='word_1_57' title='bbox 697 1068 879 1145; x_wconf 83' lang='lat' dir='ltr'><strong>splendorem</strong></span> <span class='ocrx_word' id='word_1_58' title='bbox 897 1069 957 1145; x_wconf 91' lang='lat' dir='ltr'><strong>pul·</strong></span> 
     </span>
     <span class='ocr_line' id='line_1_9' title="bbox 67 1147 467 1223; baseline -0.005 -16"><span class='ocrx_word' id='word_1_59' title='bbox 67 1148 319 1223; x_wconf 80' lang='lat' dir='ltr'><strong>pbritudinemque</strong></span> <span class='ocrx_word' id='word_1_60' title='bbox 334 1147 467 1206; x_wconf 86' lang='lat' dir='ltr'><strong>virtutisl</strong></span> 
     </span>
    </p>
   </div>
   <div class='ocr_carea' id='block_1_3' title="bbox 74 1275 956 1517">
    <p class='ocr_par' dir='ltr' id='par_1_3' title="bbox 74 1275 956 1517">
     <span class='ocr_line' id='line_1_10' title="bbox 74 1275 956 1354; baseline 0 -19"><span class='ocrx_word' id='word_1_61' title='bbox 74 1276 165 1335; x_wconf 81' lang='grc' dir='ltr'><strong>ΟΑΡ.</strong></span> <span class='ocrx_word' id='word_1_62' title='bbox 181 1277 235 1335; x_wconf 89' lang='grc' dir='ltr'><strong>ΧΙ.</strong></span> <span class='ocrx_word' id='word_1_63' title='bbox 267 1275 518 1344; x_wconf 82' lang='lat' dir='ltr'><strong>Beoeooleotiom,</strong></span> <span class='ocrx_word' id='word_1_64' title='bbox 535 1276 643 1354; x_wconf 82' lang='lat' dir='ltr'><strong>fidem,</strong></span> <span class='ocrx_word' id='word_1_65' title='bbox 667 1284 694 1334; x_wconf 86' lang='lat' dir='ltr'><strong>et</strong></span> <span class='ocrx_word' id='word_1_66' title='bbox 718 1277 956 1345; x_wconf 80' lang='lat' dir='ltr'><strong>admirationem,</strong></span> 
     </span>
     <span class='ocr_line' id='line_1_11' title="bbox 113 1355 956 1434; baseline 0 -20"><span class='ocrx_word' id='word_1_67' title='bbox 113 1356 167 1415; x_wconf 83' lang='lat' dir='ltr'><strong>illu</strong></span> <span class='ocrx_word' id='word_1_68' title='bbox 188 1357 250 1414; x_wconf 82' lang='lat' dir='ltr'><strong>trio</strong></span> <span class='ocrx_word' id='word_1_69' title='bbox 270 1374 334 1433; x_wconf 73' lang='lat' dir='ltr'><strong>que</strong></span> <span class='ocrx_word' id='word_1_70' title='bbox 353 1357 507 1434; x_wconf 81' lang='lat' dir='ltr'><strong>proposita</strong></span> <span class='ocrx_word' id='word_1_71' title='bbox 534 1364 605 1414; x_wconf 81' lang='lat' dir='ltr'><strong>sunt</strong></span> <span class='ocrx_word' id='word_1_72' title='bbox 627 1355 667 1414; x_wconf 87' lang='lat' dir='ltr'><strong>ad</strong></span> <span class='ocrx_word' id='word_1_73' title='bbox 688 1355 828 1434; x_wconf 84' lang='lat' dir='ltr'><em>gloriam,</em></span> <span class='ocrx_word' id='word_1_74' title='bbox 845 1359 956 1424; x_wconf 84' lang='lat' dir='ltr'><strong>omnio,</strong></span> 
     </span>
     <span class='ocr_line' id='line_1_12' title="bbox 105 1435 362 1517; baseline -0.004 -23"><span class='ocrx_word' id='word_1_75' title='bbox 105 1435 234 1517; x_wconf 78' lang='lat' dir='ltr'><strong>justitio</strong></span> <span class='ocrx_word' id='word_1_76' title='bbox 249 1435 362 1514; x_wconf 81' lang='lat' dir='ltr'><strong>conjici.</strong></span> 
     </span>
    </p>
   </div>
   <div class='ocr_carea' id='block_1_4' title="bbox 75 1547 962 2265">
    <p class='ocr_par' dir='ltr' id='par_1_4' title="bbox 75 1547 962 2265">
     <span class='ocr_line' id='line_1_13' title="bbox 114 1547 959 1624; baseline 0 -17"><span class='ocrx_word' id='word_1_77' title='bbox 114 1549 202 1607; x_wconf 79' lang='lat' dir='ltr'><strong>Ense</strong></span> <span class='ocrx_word' id='word_1_78' title='bbox 231 1560 260 1605; x_wconf 91' lang='lat' dir='ltr'><strong>et</strong></span> <span class='ocrx_word' id='word_1_79' title='bbox 284 1549 346 1606; x_wconf 86' lang='lat' dir='ltr'><strong>haee</strong></span> <span class='ocrx_word' id='word_1_80' title='bbox 372 1548 460 1605; x_wconf 90' lang='lat' dir='ltr'><strong>animi</strong></span> <span class='ocrx_word' id='word_1_81' title='bbox 496 1547 683 1624; x_wconf 84' lang='lat' dir='ltr'><strong>despicientia</strong></span> <span class='ocrx_word' id='word_1_82' title='bbox 715 1549 959 1608; x_wconf 75' lang='lat' dir='ltr'><strong>admirabilitatem</strong></span> 
     </span>
     <span class='ocr_line' id='line_1_14' title="bbox 75 1629 959 1708; baseline -0.002 -19"><span class='ocrx_word' id='word_1_83' title='bbox 75 1648 209 1705; x_wconf 80' lang='lat' dir='ltr'><strong>magnam</strong></span> <span class='ocrx_word' id='word_1_84' title='bbox 224 1629 308 1686; x_wconf 81' lang='lat' dir='ltr'><strong>lacit:</strong></span> <span class='ocrx_word' id='word_1_85' title='bbox 331 1638 360 1685; x_wconf 89' lang='lat' dir='ltr'><strong>et</strong></span> <span class='ocrx_word' id='word_1_86' title='bbox 380 1629 504 1685; x_wconf 89' lang='lat' dir='ltr'><strong>maxime</strong></span> <span class='ocrx_word' id='word_1_87' title='bbox 522 1629 633 1704; x_wconf 90' lang='lat' dir='ltr'><strong>justitia</strong></span> <span class='ocrx_word' id='word_1_88' title='bbox 654 1629 702 1708; x_wconf 86' lang='lat' dir='ltr'><strong>(ex</strong></span> <span class='ocrx_word' id='word_1_89' title='bbox 718 1649 774 1702; x_wconf 93' lang='lat' dir='ltr'><strong>qua</strong></span> <span class='ocrx_word' id='word_1_90' title='bbox 787 1650 844 1686; x_wconf 91' lang='lat' dir='ltr'><strong>una</strong></span> <span class='ocrx_word' id='word_1_91' title='bbox 858 1632 959 1686; x_wconf 89' lang='lat' dir='ltr'><strong>virtute</strong></span> 
     </span>
     <span class='ocr_line' id='line_1_15' title="bbox 75 1707 961 1788; baseline 0 -21"><span class='ocrx_word' id='word_1_92' title='bbox 75 1709 129 1768; x_wconf 87' lang='lat' dir='ltr'><strong>viri</strong></span> <span class='ocrx_word' id='word_1_93' title='bbox 154 1709 222 1766; x_wconf 89' lang='lat' dir='ltr'><strong>boui</strong></span> <span class='ocrx_word' id='word_1_94' title='bbox 247 1707 435 1788; x_wconf 81' lang='lat' dir='ltr'><strong>appellantur)</strong></span> <span class='ocrx_word' id='word_1_95' title='bbox 460 1708 580 1765; x_wconf 86' lang='lat' dir='ltr'><strong>mirifica</strong></span> <span class='ocrx_word' id='word_1_96' title='bbox 604 1709 758 1782; x_wconf 84' lang='lat' dir='ltr'><strong>quaedam§</strong></span> <span class='ocrx_word' id='word_1_97' title='bbox 786 1709 961 1767; x_wconf 88' lang='lat' dir='ltr'><strong>multitudini</strong></span> 
     </span>
     <span class='ocr_line' id='line_1_16' title="bbox 75 1788 960 1864; baseline -0.002 -17"><span class='ocrx_word' id='word_1_98' title='bbox 75 1789 204 1847; x_wconf 88' lang='lat' dir='ltr'><strong>videtur:</strong></span> <span class='ocrx_word' id='word_1_99' title='bbox 228 1808 281 1845; x_wconf 89' lang='lat' dir='ltr'><strong>neo</strong></span> <span class='ocrx_word' id='word_1_100' title='bbox 296 1788 408 1864; x_wconf 90' lang='lat' dir='ltr'><strong>injuria.</strong></span> <span class='ocrx_word' id='word_1_101' title='bbox 451 1788 547 1845; x_wconf 91' lang='lat' dir='ltr'><strong>Nemo</strong></span> <span class='ocrx_word' id='word_1_102' title='bbox 562 1789 638 1845; x_wconf 92' lang='lat' dir='ltr'><strong>enim</strong></span> <span class='ocrx_word' id='word_1_103' title='bbox 655 1789 750 1864; x_wconf 90' lang='lat' dir='ltr'><strong>justus</strong></span> <span class='ocrx_word' id='word_1_104' title='bbox 771 1808 834 1845; x_wconf 88' lang='lat' dir='ltr'><strong>esse</strong></span> <span class='ocrx_word' id='word_1_105' title='bbox 856 1800 960 1863; x_wconf 87' lang='lat' dir='ltr'><strong>potest,</strong></span> 
     </span>
     <span class='ocr_line' id='line_1_17' title="bbox 75 1866 960 1943; baseline -0.002 -16"><span class='ocrx_word' id='word_1_106' title='bbox 75 1870 126 1942; x_wconf 90' lang='lat' dir='ltr'><strong>qui</strong></span> <span class='ocrx_word' id='word_1_107' title='bbox 147 1881 279 1935; x_wconf 86' lang='lat' dir='ltr'><strong>mortem,</strong></span> <span class='ocrx_word' id='word_1_108' title='bbox 296 1868 345 1940; x_wconf 91' lang='lat' dir='ltr'><strong>qui</strong></span> <span class='ocrx_word' id='word_1_109' title='bbox 363 1866 501 1934; x_wconf 92' lang='lat' dir='ltr'><strong>dolorem,</strong></span> <span class='ocrx_word' id='word_1_110' title='bbox 517 1869 566 1940; x_wconf 92' lang='lat' dir='ltr'><strong>qui</strong></span> <span class='ocrx_word' id='word_1_111' title='bbox 580 1869 725 1933; x_wconf 87' lang='lat' dir='ltr'><strong>exsilium,</strong></span> <span class='ocrx_word' id='word_1_112' title='bbox 743 1871 790 1940; x_wconf 91' lang='lat' dir='ltr'><strong>qui</strong></span> <span class='ocrx_word' id='word_1_113' title='bbox 806 1880 960 1943; x_wconf 85' lang='lat' dir='ltr'><strong>egestatem</strong></span> 
     </span>
     <span class='ocr_line' id='line_1_18' title="bbox 75 1949 961 2020; baseline -0.003 -13"><span class='ocrx_word' id='word_1_114' title='bbox 75 1950 166 2017; x_wconf 87' lang='lat' dir='ltr'><strong>timet,</strong></span> <span class='ocrx_word' id='word_1_115' title='bbox 182 1960 230 2004; x_wconf 89' lang='lat' dir='ltr'><strong>aut</strong></span> <span class='ocrx_word' id='word_1_116' title='bbox 244 1949 292 2020; x_wconf 93' lang='lat' dir='ltr'><strong>qui</strong></span> <span class='ocrx_word' id='word_1_117' title='bbox 307 1967 349 2014; x_wconf 92' lang='lat' dir='ltr'><strong>ea,</strong></span> <span class='ocrx_word' id='word_1_118' title='bbox 365 1966 427 2018; x_wconf 81' lang='lat' dir='ltr'><strong>quae</strong></span> <span class='ocrx_word' id='word_1_119' title='bbox 442 1960 507 2003; x_wconf 89' lang='lat' dir='ltr'><strong>sunt</strong></span> <span class='ocrx_word' id='word_1_120' title='bbox 519 1949 564 2004; x_wconf 93' lang='lat' dir='ltr'><strong>his</strong></span> <span class='ocrx_word' id='word_1_121' title='bbox 580 1949 729 2015; x_wconf 90' lang='lat' dir='ltr'><strong>contraria,</strong></span> <span class='ocrx_word' id='word_1_122' title='bbox 746 1949 870 2019; x_wconf 69' lang='lat' dir='ltr'><strong>aequitati</strong></span> <span class='ocrx_word' id='word_1_123' title='bbox 885 1958 961 2004; x_wconf 90' lang='lat' dir='ltr'><strong>ante·</strong></span> 
     </span>
     <span class='ocr_line' id='line_1_19' title="bbox 75 2026 962 2106; baseline -0.003 -20"><span class='ocrx_word' id='word_1_124' title='bbox 75 2028 167 2106; x_wconf 87' lang='lat' dir='ltr'><strong>ponit.</strong></span> <span class='ocrx_word' id='word_1_125' title='bbox 211 2028 397 2098; x_wconf 82' lang='lat' dir='ltr'><strong>Maximeque</strong></span> <span class='ocrx_word' id='word_1_126' title='bbox 412 2026 584 2085; x_wconf 89' lang='lat' dir='ltr'><strong>admirantur</strong></span> <span class='ocrx_word' id='word_1_127' title='bbox 599 2047 674 2095; x_wconf 92' lang='lat' dir='ltr'><strong>eum,</strong></span> <span class='ocrx_word' id='word_1_128' title='bbox 691 2028 740 2099; x_wconf 90' lang='lat' dir='ltr'><strong>qui</strong></span> <span class='ocrx_word' id='word_1_129' title='bbox 762 2029 883 2102; x_wconf 90' lang='lat' dir='ltr'><strong>peeunia</strong></span> <span class='ocrx_word' id='word_1_130' title='bbox 903 2046 962 2084; x_wconf 91' lang='lat' dir='ltr'><strong>non</strong></span> 
     </span>
     <span class='ocr_line' id='line_1_20' title="bbox 75 2107 961 2183; baseline -0.002 -18"><span class='ocrx_word' id='word_1_131' title='bbox 75 2118 223 2166; x_wconf 91' lang='lat' dir='ltr'><strong>movetur:</strong></span> <span class='ocrx_word' id='word_1_132' title='bbox 246 2107 322 2179; x_wconf 90' lang='lat' dir='ltr'><strong>quod</strong></span> <span class='ocrx_word' id='word_1_133' title='bbox 343 2108 372 2163; x_wconf 93' lang='lat' dir='ltr'><strong>in</strong></span> <span class='ocrx_word' id='word_1_134' title='bbox 393 2125 451 2179; x_wconf 92' lang='lat' dir='ltr'><strong>quo</strong></span> <span class='ocrx_word' id='word_1_135' title='bbox 466 2108 527 2163; x_wconf 90' lang='lat' dir='ltr'><strong>viro</strong></span> <span class='ocrx_word' id='word_1_136' title='bbox 547 2118 727 2182; x_wconf 83' lang='lat' dir='ltr'><strong>perspectum</strong></span> <span class='ocrx_word' id='word_1_137' title='bbox 749 2109 795 2174; x_wconf 90' lang='lat' dir='ltr'><strong>sit,</strong></span> <span class='ocrx_word' id='word_1_138' title='bbox 812 2108 887 2164; x_wconf 89' lang='lat' dir='ltr'><strong>hune</strong></span> <span class='ocrx_word' id='word_1_139' title='bbox 902 2107 961 2183; x_wconf 87' lang='lat' dir='ltr'><strong>igni</strong></span> 
     </span>
     <span class='ocr_line' id='line_1_21' title="bbox 75 2186 962 2265; baseline -0.002 -19"><span class='ocrx_word' id='word_1_140' title='bbox 75 2191 251 2265; x_wconf 78' lang='lat' dir='ltr'><strong>spectatumll</strong></span> <span class='ocrx_word' id='word_1_141' title='bbox 265 2187 441 2244; x_wconf 89' lang='lat' dir='ltr'><strong>arbitrantur.</strong></span> <span class='ocrx_word' id='word_1_142' title='bbox 484 2186 582 2258; x_wconf 89' lang='lat' dir='ltr'><strong>Itaque</strong></span> <span class='ocrx_word' id='word_1_143' title='bbox 597 2187 646 2243; x_wconf 92' lang='lat' dir='ltr'><strong>illa</strong></span> <span class='ocrx_word' id='word_1_144' title='bbox 659 2188 721 2254; x_wconf 92' lang='lat' dir='ltr'><strong>tria,</strong></span> <span class='ocrx_word' id='word_1_145' title='bbox 738 2206 799 2259; x_wconf 88' lang='lat' dir='ltr'><strong>quae</strong></span> <span class='ocrx_word' id='word_1_146' title='bbox 816 2187 962 2264; x_wconf 89' lang='lat' dir='ltr'><strong>proposita</strong></span> 
     </span>
    </p>
   </div>
   <div class='ocr_carea' id='block_1_5' title="bbox 75 2313 963 2691">
    <p class='ocr_par' dir='ltr' id='par_1_5' title="bbox 75 2313 963 2532">
     <span class='ocr_line' id='line_1_22' title="bbox 109 2313 962 2376; baseline 0.001 -17"><span class='ocrx_word' id='word_1_147' title='bbox 109 2320 123 2349; x_wconf 82' lang='lat'><em>*</em></span> <span class='ocrx_word' id='word_1_148' title='bbox 136 2313 231 2376; x_wconf 67' lang='lat' dir='ltr'><strong>Animi.</strong></span> <span class='ocrx_word' id='word_1_149' title='bbox 267 2313 379 2370; x_wconf 84' lang='lat' dir='ltr'><strong>“Majore</strong></span> <span class='ocrx_word' id='word_1_150' title='bbox 399 2325 430 2358; x_wconf 82' lang='lat' dir='ltr'><strong>ex</strong></span> <span class='ocrx_word' id='word_1_151' title='bbox 447 2316 520 2370; x_wconf 88' lang='lat' dir='ltr'><strong>parte,</strong></span> <span class='ocrx_word' id='word_1_152' title='bbox 532 2313 640 2358; x_wconf 83' lang='lat' dir='ltr'><strong>animum</strong></span> <span class='ocrx_word' id='word_1_153' title='bbox 659 2327 674 2358; x_wconf 90' lang='lat' dir='ltr'><strong>a</strong></span> <span class='ocrx_word' id='word_1_154' title='bbox 693 2313 776 2359; x_wconf 73' lang='lat' dir='ltr'><strong>vinula</strong></span> <span class='ocrx_word' id='word_1_155' title='bbox 796 2315 962 2370; x_wconf 87' lang='lat' dir='ltr'><strong>detorquent.&#39;&#39;</strong></span> 
     </span>
     <span class='ocr_line' id='line_1_23' title="bbox 75 2370 963 2479; baseline 0 -12"><span class='ocrx_word' id='word_1_156' title='bbox 75 2370 312 2479; x_wconf 53' lang='lat' dir='ltr'><strong>J&#39;illldddilmgsetiis</strong></span> <span class='ocrx_word' id='word_1_157' title='bbox 329 2420 350 2464; x_wconf 91' lang='lat' dir='ltr'><strong>is</strong></span> <span class='ocrx_word' id='word_1_158' title='bbox 367 2432 399 2464; x_wconf 86' lang='lat' dir='ltr'><strong>an</strong></span> <span class='ocrx_word' id='word_1_159' title='bbox 417 2420 517 2464; x_wconf 83' lang='lat' dir='ltr'><strong>allusion</strong></span> <span class='ocrx_word' id='word_1_160' title='bbox 535 2423 559 2464; x_wconf 87' lang='lat' dir='ltr'><strong>to</strong></span> <span class='ocrx_word' id='word_1_161' title='bbox 580 2419 619 2464; x_wconf 90' lang='lat' dir='ltr'><strong>the</strong></span> <span class='ocrx_word' id='word_1_162' title='bbox 637 2421 727 2465; x_wconf 80' lang='lat' dir='ltr'><strong>Furios.</strong></span> <span class='ocrx_word' id='word_1_163' title='bbox 761 2423 842 2466; x_wconf 83' lang='lat' dir='ltr'><strong>“Cum</strong></span> <span class='ocrx_word' id='word_1_164' title='bbox 864 2423 963 2476; x_wconf 86' lang='lat' dir='ltr'><strong>dolores,</strong></span> 
     </span>
     <span class='ocr_line' id='line_1_24' title="bbox 77 2474 725 2532; baseline -0.005 -11"><span class='ocrx_word' id='word_1_165' title='bbox 77 2474 145 2532; x_wconf 86' lang='lat' dir='ltr'><strong>quasi</strong></span> <span class='ocrx_word' id='word_1_166' title='bbox 157 2475 239 2528; x_wconf 76' lang='lat' dir='ltr'><strong>Furiae,</strong></span> <span class='ocrx_word' id='word_1_167' title='bbox 252 2475 314 2518; x_wconf 81' lang='lat' dir='ltr'><strong>taces</strong></span> <span class='ocrx_word' id='word_1_168' title='bbox 325 2474 469 2518; x_wconf 47' lang='lat' dir='ltr'><strong>intentant?</strong></span> <span class='ocrx_word' id='word_1_169' title='bbox 503 2475 526 2519; x_wconf 91' lang='lat' dir='ltr'><strong>J.</strong></span> <span class='ocrx_word' id='word_1_170' title='bbox 537 2475 572 2517; x_wconf 92' lang='lat' dir='ltr'><strong>M.</strong></span> <span class='ocrx_word' id='word_1_171' title='bbox 584 2474 725 2529; x_wconf 69' lang='lat' dir='ltr'><strong>Heusinger.</strong></span> 
     </span>
    </p>

    <p class='ocr_par' dir='ltr' id='par_1_6' title="bbox 78 2526 963 2691">
     <span class='ocr_line' id='line_1_25' title="bbox 112 2526 962 2589; baseline 0 -17"><span class='ocrx_word' id='word_1_172' title='bbox 112 2528 164 2580; x_wconf 78' lang='lat' dir='ltr'><strong>ssln</strong></span> <span class='ocrx_word' id='word_1_173' title='bbox 176 2529 305 2582; x_wconf 81' lang='lat' dir='ltr'><strong>utramque</strong></span> <span class='ocrx_word' id='word_1_174' title='bbox 313 2528 413 2589; x_wconf 76' lang='lat' dir='ltr'><strong>pprlem.</strong></span> <span class='ocrx_word' id='word_1_175' title='bbox 447 2526 594 2589; x_wconf 80' lang='lat' dir='ltr'><strong>Eithertheir</strong></span> <span class='ocrx_word' id='word_1_176' title='bbox 602 2527 735 2582; x_wconf 82' lang='lat' dir='ltr'><strong>possession</strong></span> <span class='ocrx_word' id='word_1_177' title='bbox 743 2541 769 2571; x_wconf 93' lang='lat' dir='ltr'><strong>or</strong></span> <span class='ocrx_word' id='word_1_178' title='bbox 778 2528 837 2572; x_wconf 84' lang='lat' dir='ltr'><strong>their</strong></span> <span class='ocrx_word' id='word_1_179' title='bbox 848 2529 962 2582; x_wconf 86' lang='lat' dir='ltr'><strong>absence;</strong></span> 
     </span>
     <span class='ocr_line' id='line_1_26' title="bbox 78 2580 963 2691; baseline 0.001 -65"><span class='ocrx_word' id='word_1_180' title='bbox 78 2593 105 2679; x_wconf 68' lang='lat' dir='ltr'><strong>pp</strong></span> <span class='ocrx_word' id='word_1_181' title='bbox 115 2585 233 2691; x_wconf 43' lang='lat' dir='ltr'><strong>pppeptutp</strong></span> <span class='ocrx_word' id='word_1_182' title='bbox 246 2581 273 2626; x_wconf 90' lang='lat' dir='ltr'><strong>be</strong></span> <span class='ocrx_word' id='word_1_183' title='bbox 285 2593 386 2626; x_wconf 83' lang='lat' dir='ltr'><strong>anxious</strong></span> <span class='ocrx_word' id='word_1_184' title='bbox 397 2585 421 2625; x_wconf 90' lang='lat' dir='ltr'><strong>to</strong></span> <span class='ocrx_word' id='word_1_185' title='bbox 433 2585 507 2625; x_wconf 85' lang='lat' dir='ltr'><strong>retain</strong></span> <span class='ocrx_word' id='word_1_186' title='bbox 518 2580 558 2625; x_wconf 83' lang='lat' dir='ltr'><strong>life</strong></span> <span class='ocrx_word' id='word_1_187' title='bbox 570 2593 596 2624; x_wconf 89' lang='lat' dir='ltr'><strong>or</strong></span> <span class='ocrx_word' id='word_1_188' title='bbox 609 2581 700 2636; x_wconf 88' lang='lat' dir='ltr'><strong>weatth,</strong></span> <span class='ocrx_word' id='word_1_189' title='bbox 707 2593 751 2626; x_wconf 89' lang='lat' dir='ltr'><strong>nor</strong></span> <span class='ocrx_word' id='word_1_190' title='bbox 762 2583 845 2627; x_wconf 81' lang='lat' dir='ltr'><strong>seorsul</strong></span> <span class='ocrx_word' id='word_1_191' title='bbox 857 2583 884 2626; x_wconf 83' lang='lat' dir='ltr'><strong>of</strong></span> <span class='ocrx_word' id='word_1_192' title='bbox 892 2581 963 2627; x_wconf 87' lang='lat' dir='ltr'><strong>death</strong></span> 
     </span>
    </p>
   </div>
   <div class='ocr_carea' id='block_1_6' title="bbox 417 2721 628 2766">
    <p class='ocr_par' dir='ltr' id='par_1_7' title="bbox 417 2721 628 2766">
     <span class='ocr_line' id='line_1_27' title="bbox 417 2721 628 2766; baseline 0.009 -2"><span class='ocrx_word' id='word_1_193' title='bbox 417 2721 569 2766; x_wconf 78' lang='lat' dir='ltr'><strong>CHAPTER</strong></span> <span class='ocrx_word' id='word_1_194' title='bbox 585 2722 628 2766; x_wconf 90' lang='lat' dir='ltr'><strong>XI.</strong></span> 
     </span>
    </p>
   </div>
   <div class='ocr_carea' id='block_1_7' title="bbox 78 2788 964 3537">
    <p class='ocr_par' dir='ltr' id='par_1_8' title="bbox 78 2788 964 3432">
     <span class='ocr_line' id='line_1_28' title="bbox 116 2788 963 2846; baseline 0.006 -15"><span class='ocrx_word' id='word_1_195' title='bbox 116 2789 130 2843; x_wconf 82' lang='lat'>§</span> <span class='ocrx_word' id='word_1_196' title='bbox 145 2789 267 2842; x_wconf 75' lang='lat' dir='ltr'><strong>Qrtaedum.</strong></span> <span class='ocrx_word' id='word_1_197' title='bbox 300 2788 338 2833; x_wconf 91' lang='lat' dir='ltr'><strong>On</strong></span> <span class='ocrx_word' id='word_1_198' title='bbox 351 2788 390 2834; x_wconf 87' lang='lat' dir='ltr'><strong>the</strong></span> <span class='ocrx_word' id='word_1_199' title='bbox 404 2791 521 2846; x_wconf 85' lang='lat' dir='ltr'><strong>authority</strong></span> <span class='ocrx_word' id='word_1_200' title='bbox 533 2791 561 2833; x_wconf 81' lang='lat' dir='ltr'><strong>ot</strong></span> <span class='ocrx_word' id='word_1_201' title='bbox 568 2791 655 2835; x_wconf 82' lang='lat' dir='ltr'><strong>several</strong></span> <span class='ocrx_word' id='word_1_202' title='bbox 668 2794 736 2837; x_wconf 87' lang='lat' dir='ltr'>MSS.</span> <span class='ocrx_word' id='word_1_203' title='bbox 748 2803 784 2836; x_wconf 72' lang='lat' dir='ltr'><strong>ree</strong></span> <span class='ocrx_word' id='word_1_204' title='bbox 795 2792 815 2835; x_wconf 89' lang='lat' dir='ltr'><strong>is</strong></span> <span class='ocrx_word' id='word_1_205' title='bbox 827 2791 880 2836; x_wconf 86' lang='lat' dir='ltr'><strong>here</strong></span> <span class='ocrx_word' id='word_1_206' title='bbox 893 2793 963 2836; x_wconf 85' lang='lat' dir='ltr'><strong>intro-</strong></span> 
     </span>
     <span class='ocr_line' id='line_1_29' title="bbox 79 2837 964 2896; baseline 0.002 -10"><span class='ocrx_word' id='word_1_207' title='bbox 79 2841 156 2887; x_wconf 88' lang='lat' dir='ltr'><strong>duced</strong></span> <span class='ocrx_word' id='word_1_208' title='bbox 168 2842 199 2896; x_wconf 88' lang='lat' dir='ltr'><strong>by</strong></span> <span class='ocrx_word' id='word_1_209' title='bbox 209 2843 293 2886; x_wconf 87' lang='lat' dir='ltr'><strong>Pearce</strong></span> <span class='ocrx_word' id='word_1_210' title='bbox 304 2843 351 2886; x_wconf 88' lang='lat' dir='ltr'><strong>and</strong></span> <span class='ocrx_word' id='word_1_211' title='bbox 363 2837 496 2889; x_wconf 82' lang='lat' dir='ltr'><strong>Faceiolati.</strong></span> <span class='ocrx_word' id='word_1_212' title='bbox 531 2844 582 2889; x_wconf 89' lang='lat' dir='ltr'><strong>The</strong></span> <span class='ocrx_word' id='word_1_213' title='bbox 595 2846 661 2888; x_wconf 89' lang='lat' dir='ltr'><strong>latter</strong></span> <span class='ocrx_word' id='word_1_214' title='bbox 679 2845 787 2889; x_wconf 87' lang='lat' dir='ltr'><strong>observes</strong></span> <span class='ocrx_word' id='word_1_215' title='bbox 804 2846 853 2888; x_wconf 89' lang='lat' dir='ltr'><strong>that</strong></span> <span class='ocrx_word' id='word_1_216' title='bbox 870 2846 891 2888; x_wconf 84' lang='lat' dir='ltr'><strong>tf</strong></span> <span class='ocrx_word' id='word_1_217' title='bbox 906 2846 923 2888; x_wconf 88' lang='lat' dir='ltr'><strong>it</strong></span> <span class='ocrx_word' id='word_1_218' title='bbox 943 2847 964 2889; x_wconf 88' lang='lat' dir='ltr'><strong>is</strong></span> 
     </span>
     <span class='ocr_line' id='line_1_30' title="bbox 78 2895 964 2950; baseline 0.002 -10"><span class='ocrx_word' id='word_1_219' title='bbox 78 2899 123 2940; x_wconf 85' lang='lat' dir='ltr'><strong>not</strong></span> <span class='ocrx_word' id='word_1_220' title='bbox 133 2895 244 2945; x_wconf 85' lang='lat' dir='ltr'><strong>inserted,</strong></span> <span class='ocrx_word' id='word_1_221' title='bbox 251 2896 343 2939; x_wconf 86' lang='lat' dir='ltr'><strong>neither</strong></span> <span class='ocrx_word' id='word_1_222' title='bbox 349 2895 432 2939; x_wconf 89' lang='lat' dir='ltr'><strong>should</strong></span> <span class='ocrx_word' id='word_1_223' title='bbox 442 2897 560 2950; x_wconf 74' lang='lat' dir='ltr'><strong>quadam.</strong></span> <span class='ocrx_word' id='word_1_224' title='bbox 595 2898 653 2941; x_wconf 91' lang='lat' dir='ltr'><strong>This</strong></span> <span class='ocrx_word' id='word_1_225' title='bbox 664 2899 720 2942; x_wconf 87' lang='lat' dir='ltr'><strong>does</strong></span> <span class='ocrx_word' id='word_1_226' title='bbox 732 2904 773 2942; x_wconf 94' lang='lat' dir='ltr'><strong>not</strong></span> <span class='ocrx_word' id='word_1_227' title='bbox 787 2899 871 2941; x_wconf 87' lang='lat' dir='ltr'><strong>tottow.</strong></span> <span class='ocrx_word' id='word_1_228' title='bbox 908 2899 964 2950; x_wconf 81' lang='lat' dir='ltr'><strong>Qut·</strong></span> 
     </span>
     <span class='ocr_line' id='line_1_31' title="bbox 79 2948 964 3010; baseline 0.002 -17"><span class='ocrx_word' id='word_1_229' title='bbox 79 2949 135 2993; x_wconf 79' lang='lat' dir='ltr'><strong>dom</strong></span> <span class='ocrx_word' id='word_1_230' title='bbox 146 2949 167 2991; x_wconf 88' lang='lat' dir='ltr'><strong>is</strong></span> <span class='ocrx_word' id='word_1_231' title='bbox 179 2948 244 3010; x_wconf 81' lang='lat' dir='ltr'><strong>often</strong></span> <span class='ocrx_word' id='word_1_232' title='bbox 257 2949 376 3001; x_wconf 88' lang='lat' dir='ltr'><strong>admitted,</strong></span> <span class='ocrx_word' id='word_1_233' title='bbox 388 2949 404 2991; x_wconf 88' lang='lat' dir='ltr'><strong>b</strong></span> <span class='ocrx_word' id='word_1_234' title='bbox 430 2950 469 2993; x_wconf 90' lang='lat' dir='ltr'><strong>the</strong></span> <span class='ocrx_word' id='word_1_235' title='bbox 482 2950 552 2996; x_wconf 89' lang='lat' dir='ltr'><strong>Latin</strong></span> <span class='ocrx_word' id='word_1_236' title='bbox 565 2950 645 3003; x_wconf 90' lang='lat' dir='ltr'><strong>idiom‚</strong></span> <span class='ocrx_word' id='word_1_237' title='bbox 655 2965 680 2995; x_wconf 87' lang='lat' dir='ltr'><strong>as</strong></span> <span class='ocrx_word' id='word_1_238' title='bbox 691 2953 723 3000; x_wconf 77' lang='grc' dir='ltr'><strong>τὶς</strong></span> <span class='ocrx_word' id='word_1_239' title='bbox 736 2953 759 2995; x_wconf 91' lang='lat' dir='ltr'><strong>in</strong></span> <span class='ocrx_word' id='word_1_240' title='bbox 773 2952 855 3004; x_wconf 81' lang='lat' dir='ltr'><strong>Greek,</strong></span> <span class='ocrx_word' id='word_1_241' title='bbox 866 2951 964 2995; x_wconf 84' lang='lat' dir='ltr'><strong>without</strong></span> 
     </span>
     <span class='ocr_line' id='line_1_32' title="bbox 79 2961 963 3100; baseline 0.006 -56"><span class='ocrx_word' id='word_1_242' title='bbox 79 3001 374 3100; x_wconf 53' lang='lat' dir='ltr'><strong>anydgetlrppehmeaping.</strong></span> <span class='ocrx_word' id='word_1_243' title='bbox 386 2961 437 3100; x_wconf 53' lang='lat' dir='ltr'><strong>alpi</strong></span> <span class='ocrx_word' id='word_1_244' title='bbox 445 3002 488 3099; x_wconf 59' lang='lat' dir='ltr'><strong>phe</strong></span> <span class='ocrx_word' id='word_1_245' title='bbox 500 3005 544 3047; x_wconf 91' lang='lat' dir='ltr'><strong>last</strong></span> <span class='ocrx_word' id='word_1_246' title='bbox 555 3005 651 3100; x_wconf 66' lang='lat' dir='ltr'><strong>eppptpr</strong></span> <span class='ocrx_word' id='word_1_247' title='bbox 664 3004 705 3066; x_wconf 82' lang='lat' dir='ltr'><strong>but</strong></span> <span class='ocrx_word' id='word_1_248' title='bbox 716 3018 777 3057; x_wconf 69' lang='lat' dir='ltr'><strong>onor</strong></span> <span class='ocrx_word' id='word_1_249' title='bbox 795 3006 855 3049; x_wconf 78' lang='lat' dir='ltr'><strong>ullus</strong></span> <span class='ocrx_word' id='word_1_250' title='bbox 872 3015 963 3058; x_wconf 65' lang='lat' dir='ltr'><strong>quilque</strong></span> 
     </span>
     <span class='ocr_line' id='line_1_33' title="bbox 78 3066 964 3170; baseline 0.006 -19"><span class='ocrx_word' id='word_1_251' title='bbox 78 3066 134 3152; x_wconf 67' lang='lat' dir='ltr'><strong>th,</strong></span> <span class='ocrx_word' id='word_1_252' title='bbox 147 3067 323 3170; x_wconf 61' lang='lat' dir='ltr'><strong>tharith</strong></span> <span class='ocrx_word' id='word_1_253' title='bbox 340 3068 443 3153; x_wconf 64' lang='lat' dir='ltr'><strong>hrmft</strong></span> <span class='ocrx_word' id='word_1_254' title='bbox 460 3067 550 3164; x_wconf 62' lang='lat' dir='ltr'><strong>‘illu</strong></span> <span class='ocrx_word' id='word_1_255' title='bbox 560 3070 964 3165; x_wconf 60' lang='lat' dir='ltr'><strong>aar&#39;ttht&#39;tt’tttthhttth</strong></span> 
     </span>
     <span class='ocr_line' id='line_1_34' title="bbox 79 3163 964 3223; baseline 0.003 -17"><span class='ocrx_word' id='word_1_256' title='bbox 79 3165 103 3206; x_wconf 88' lang='lat' dir='ltr'><strong>et</strong></span> <span class='ocrx_word' id='word_1_257' title='bbox 114 3173 182 3217; x_wconf 86' lang='lat' dir='ltr'><strong>quasi</strong></span> <span class='ocrx_word' id='word_1_258' title='bbox 195 3163 292 3223; x_wconf 80' lang='lat' dir='ltr'><strong>terream</strong></span> <span class='ocrx_word' id='word_1_259' title='bbox 304 3163 433 3216; x_wconf 88' lang='lat' dir='ltr'><strong>quandam,</strong></span> <span class='ocrx_word' id='word_1_260' title='bbox 444 3175 495 3206; x_wconf 88' lang='lat' dir='ltr'><strong>esse</strong></span> <span class='ocrx_word' id='word_1_261' title='bbox 506 3164 615 3207; x_wconf 89' lang='lat' dir='ltr'><strong>volunt.’‘</strong></span> <span class='ocrx_word' id='word_1_262' title='bbox 650 3167 686 3208; x_wconf 84' lang='lat' dir='ltr'><strong>On</strong></span> <span class='ocrx_word' id='word_1_263' title='bbox 699 3165 737 3208; x_wconf 91' lang='lat' dir='ltr'><strong>the</strong></span> <span class='ocrx_word' id='word_1_264' title='bbox 752 3166 818 3208; x_wconf 88' lang='lat' dir='ltr'><strong>latter</strong></span> <span class='ocrx_word' id='word_1_265' title='bbox 831 3177 964 3220; x_wconf 71' lang='lat' dir='ltr'><strong>passages</strong></span> 
     </span>
     <span class='ocr_line' id='line_1_35' title="bbox 79 3215 963 3273; baseline 0.005 -15"><span class='ocrx_word' id='word_1_266' title='bbox 79 3219 136 3258; x_wconf 87' lang='lat' dir='ltr'><strong>note</strong></span> <span class='ocrx_word' id='word_1_267' title='bbox 145 3216 174 3258; x_wconf 86' lang='lat' dir='ltr'><strong>of</strong></span> <span class='ocrx_word' id='word_1_268' title='bbox 182 3216 297 3259; x_wconf 83' lang='lat' dir='ltr'><strong>Ernestt’s</strong></span> <span class='ocrx_word' id='word_1_269' title='bbox 309 3215 424 3266; x_wconf 80' lang='lat' dir='ltr'><strong>observes,</strong></span> <span class='ocrx_word' id='word_1_270' title='bbox 436 3217 577 3270; x_wconf 76' lang='lat' dir='ltr'><strong>“oriundom</strong></span> <span class='ocrx_word' id='word_1_271' title='bbox 591 3220 626 3261; x_wconf 84' lang='lat' dir='ltr'><strong>est</strong></span> <span class='ocrx_word' id='word_1_272' title='bbox 637 3218 740 3261; x_wconf 88' lang='lat' dir='ltr'><strong>alienum</strong></span> <span class='ocrx_word' id='word_1_273' title='bbox 751 3217 780 3261; x_wconf 94' lang='lat' dir='ltr'><strong>ab</strong></span> <span class='ocrx_word' id='word_1_274' title='bbox 789 3218 809 3261; x_wconf 93' lang='lat' dir='ltr'><strong>h.</strong></span> <span class='ocrx_word' id='word_1_275' title='bbox 818 3219 833 3262; x_wconf 72' lang='lat' dir='ltr'><strong>l,</strong></span> <span class='ocrx_word' id='word_1_276' title='bbox 843 3219 963 3273; x_wconf 87' lang='lat' dir='ltr'><strong>delevique</strong></span> 
     </span>
     <span class='ocr_line' id='line_1_36' title="bbox 79 3269 963 3326; baseline 0.005 -14"><span class='ocrx_word' id='word_1_277' title='bbox 79 3280 133 3312; x_wconf 86' lang='lat' dir='ltr'><strong>oum</strong></span> <span class='ocrx_word' id='word_1_278' title='bbox 146 3269 263 3312; x_wconf 79' lang='lat' dir='ltr'><strong>Gravto.”</strong></span> <span class='ocrx_word' id='word_1_279' title='bbox 298 3271 321 3313; x_wconf 93' lang='lat' dir='ltr'><strong>lt</strong></span> <span class='ocrx_word' id='word_1_280' title='bbox 332 3270 352 3312; x_wconf 91' lang='lat' dir='ltr'><strong>is</strong></span> <span class='ocrx_word' id='word_1_281' title='bbox 363 3273 388 3313; x_wconf 89' lang='lat' dir='ltr'><strong>to</strong></span> <span class='ocrx_word' id='word_1_282' title='bbox 400 3270 427 3313; x_wconf 87' lang='lat' dir='ltr'><strong>be</strong></span> <span class='ocrx_word' id='word_1_283' title='bbox 438 3270 552 3322; x_wconf 78' lang='lat' dir='ltr'><strong>regretted</strong></span> <span class='ocrx_word' id='word_1_284' title='bbox 560 3271 630 3313; x_wconf 90' lang='lat' dir='ltr'><strong>when</strong></span> <span class='ocrx_word' id='word_1_285' title='bbox 642 3271 728 3314; x_wconf 87' lang='lat' dir='ltr'><strong>editors</strong></span> <span class='ocrx_word' id='word_1_286' title='bbox 738 3271 792 3314; x_wconf 90' lang='lat' dir='ltr'><strong>thus</strong></span> <span class='ocrx_word' id='word_1_287' title='bbox 804 3275 894 3326; x_wconf 84' lang='lat' dir='ltr'><strong>temper</strong></span> <span class='ocrx_word' id='word_1_288' title='bbox 907 3272 963 3316; x_wconf 87' lang='lat' dir='ltr'><strong>with</strong></span> 
     </span>
     <span class='ocr_line' id='line_1_37' title="bbox 78 3322 963 3377; baseline 0.005 -12"><span class='ocrx_word' id='word_1_289' title='bbox 78 3322 139 3366; x_wconf 86' lang='lat' dir='ltr'><strong>their</strong></span> <span class='ocrx_word' id='word_1_290' title='bbox 157 3322 264 3366; x_wconf 86' lang='lat' dir='ltr'><strong>author’s</strong></span> <span class='ocrx_word' id='word_1_291' title='bbox 277 3326 332 3375; x_wconf 84' lang='lat' dir='ltr'><strong>text,</strong></span> <span class='ocrx_word' id='word_1_292' title='bbox 345 3335 376 3366; x_wconf 90' lang='lat' dir='ltr'><strong>on</strong></span> <span class='ocrx_word' id='word_1_293' title='bbox 390 3335 421 3366; x_wconf 93' lang='lat' dir='ltr'><strong>no</strong></span> <span class='ocrx_word' id='word_1_294' title='bbox 435 3324 508 3368; x_wconf 87' lang='lat' dir='ltr'><strong>better</strong></span> <span class='ocrx_word' id='word_1_295' title='bbox 518 3324 610 3377; x_wconf 86' lang='lat' dir='ltr'><strong>ground</strong></span> <span class='ocrx_word' id='word_1_296' title='bbox 624 3324 680 3367; x_wconf 91' lang='lat' dir='ltr'><strong>than</strong></span> <span class='ocrx_word' id='word_1_297' title='bbox 699 3324 757 3368; x_wconf 88' lang='lat' dir='ltr'><strong>their</strong></span> <span class='ocrx_word' id='word_1_298' title='bbox 768 3337 823 3368; x_wconf 89' lang='lat' dir='ltr'><strong>own</strong></span> <span class='ocrx_word' id='word_1_299' title='bbox 836 3338 963 3370; x_wconf 85' lang='lat' dir='ltr'><strong>erroneous</strong></span> 
     </span>
     <span class='ocr_line' id='line_1_38' title="bbox 78 3375 404 3432; baseline 0.006 -14"><span class='ocrx_word' id='word_1_300' title='bbox 78 3375 174 3419; x_wconf 88' lang='lat' dir='ltr'><strong>notione</strong></span> <span class='ocrx_word' id='word_1_301' title='bbox 185 3376 212 3418; x_wconf 82' lang='lat' dir='ltr'><strong>ol</strong></span> <span class='ocrx_word' id='word_1_302' title='bbox 225 3378 404 3432; x_wconf 85' lang='lat' dir='ltr'><strong>improvement.</strong></span> 
     </span>
    </p>

    <p class='ocr_par' dir='ltr' id='par_1_9' title="bbox 79 3428 962 3537">
     <span class='ocr_line' id='line_1_39' title="bbox 113 3428 962 3493; baseline 0.007 -21"><span class='ocrx_word' id='word_1_303' title='bbox 113 3428 126 3491; x_wconf 72' lang='lat' dir='ltr'><strong>l¹</strong></span> <span class='ocrx_word' id='word_1_304' title='bbox 138 3430 195 3483; x_wconf 75' lang='lat' dir='ltr'><strong>igar</strong></span> <span class='ocrx_word' id='word_1_305' title='bbox 206 3433 347 3485; x_wconf 69' lang='lat' dir='ltr'><strong>apertorum.</strong></span> <span class='ocrx_word' id='word_1_306' title='bbox 381 3434 416 3475; x_wconf 84' lang='lat' dir='ltr'><strong>As</strong></span> <span class='ocrx_word' id='word_1_307' title='bbox 427 3431 481 3493; x_wconf 75' lang='lat' dir='ltr'><strong>,epid</strong></span> <span class='ocrx_word' id='word_1_308' title='bbox 490 3443 502 3492; x_wconf 85' lang='lat'><strong>:¹</strong></span> <span class='ocrx_word' id='word_1_309' title='bbox 521 3429 637 3492; x_wconf 43' lang='lat' dir='ltr'><strong>“‚Sctticet</strong></span> <span class='ocrx_word' id='word_1_310' title='bbox 656 3435 682 3476; x_wconf 86' lang='lat' dir='ltr'><strong>ut</strong></span> <span class='ocrx_word' id='word_1_311' title='bbox 698 3432 791 3478; x_wconf 77' lang='lat' dir='ltr'><strong>fulvum</strong></span> <span class='ocrx_word' id='word_1_312' title='bbox 809 3437 926 3490; x_wconf 88' lang='lat' dir='ltr'><strong>spectatur</strong></span> <span class='ocrx_word' id='word_1_313' title='bbox 937 3433 962 3478; x_wconf 89' lang='lat' dir='ltr'><strong>iu</strong></span> 
     </span>
     <span class='ocr_line' id='line_1_40' title="bbox 79 3482 638 3537; baseline 0.013 -12"><span class='ocrx_word' id='word_1_314' title='bbox 79 3482 174 3537; x_wconf 64' lang='lat' dir='ltr'><strong>renibus</strong></span> <span class='ocrx_word' id='word_1_315' title='bbox 185 3486 297 3530; x_wconf 84' lang='lat' dir='ltr'><strong>aarum.&#39;&#39;</strong></span> <span class='ocrx_word' id='word_1_316' title='bbox 329 3484 396 3532; x_wconf 86' lang='lat' dir='ltr'><strong>Ovid.</strong></span> <span class='ocrx_word' id='word_1_317' title='bbox 410 3482 638 3532; x_wconf 66' lang='lat' dir='ltr'><strong>&#39;frethunara</strong></span> 
     </span>
    </p>
   </div>
   <div class='ocr_carea' id='block_1_8' title="bbox 0 0 1041 3946">
    <p class='ocr_par' dir='ltr' id='par_1_10' title="bbox 0 0 1041 3946">
     <span class='ocr_line' id='line_1_41' title="bbox 0 0 1041 3946; baseline 0 0"><span class='ocrx_word' id='word_1_318' title='bbox 0 0 1041 3946; x_wconf 95' lang='lat' dir='ltr'><strong> </strong></span> 
     </span>
    </p>
   </div>
  </div>
 </body>
</html>
