2054 3946
67 3299 89 3368 t

100 201 154 255 192
418 190 465 236 DE
485 187 662 237 oremus.

97 304 185 361 multo
209 300 313 367 minus,
334 300 383 371 qui
404 298 520 358 domum
544 318 602 358 non
621 299 784 357 laudarunt.
829 295 888 357 Ubi
907 298 974 357 enim

98 381 239 459 judicium
255 380 370 436 emtoris
384 385 455 446 cst*
476 381 516 437 ibi
537 380 613 437 fraus
632 378 792 437 venditoris
807 398 872 451 quae
892 388 975 455 pomst

97 461 185 519 essel
227 460 277 515 Sin
294 472 386 515 eutem
408 459 514 517 dictum
536 478 593 517 non
615 478 699 516 omne
721 458 918 536 praestandum
930 468 974 523 cst,

97 541 173 614 quod
199 538 304 594 dictum
330 558 388 595 non
413 548 465 607 est,
484 539 514 596 id
541 538 733 615 praestandum
758 538 869 613 putasl
910 536 976 604 Quid

97 640 164 677 vero
179 628 223 674 est
236 618 360 684 stultius,
373 636 457 688 quam
474 618 660 684 venditorem,
674 619 738 695 ejus
752 618 806 683 rei,
820 636 907 689 quarn
920 636 976 675 vsu·

97 700 153 766 dat,
166 698 233 754 vitia
244 698 376 753 narraret
418 697 493 764 Quid
509 708 602 754 autem
615 708 671 754 tam
684 696 854 763 absurdum,
864 716 945 769 quam
955 696 976 753 si

97 778 206 836 domini
222 777 306 851 jussu
322 778 360 833 ita
373 796 466 851 praeco
488 777 631 853 predicet,
647 795 753 834 norrun
774 792 976 835 sussiacum

97 857 220 914 vuunol

137 938 187 993 Sic
201 954 268 1010 ergo
283 935 312 990 in
330 935 498 1007 quibusdam
513 936 607 994 causis
622 935 727 1001 dubiis,
742 953 782 991 ex
794 935 885 993 altera
896 944 975 1011 parts,

98 1015 263 1083 defenditur,
278 1015 421 1082 honestas,
437 1033 474 1072 ex
493 1015 579 1072 altera
590 1016 629 1072 ita
642 1016 678 1072 de
691 1016 814 1072 utilitate
829 1014 939 1081 dicitur,
950 1023 976 1071 nt

98 1094 137 1162 id,
153 1093 227 1166 quod
243 1094 310 1149 utilc
325 1094 460 1158 uideatur,
476 1114 534 1152 non
555 1094 641 1153 modo
656 1095 748 1152 secere
769 1094 922 1151 honestum
934 1094 975 1161 sit,

97 1173 148 1231 sed
162 1175 246 1231 etiam
261 1192 317 1229 non
332 1174 434 1240 facere,
448 1184 538 1248 turpe.
581 1175 653 1233 Haec
667 1184 712 1231 ast
725 1173 785 1241 illa,
796 1192 863 1246 quae
877 1172 976 1229 videtur

97 1255 210 1311 utilium
223 1252 284 1308 fieri
306 1272 370 1309 cum
389 1253 516 1310 honestis
537 1273 614 1330 saepe
629 1253 783 1311 dissensio.
827 1253 899 1319 Quae
912 1252 976 1328 diju-

97 1333 216 1390 dicanda
230 1341 305 1388 sunt.
348 1333 377 1389 N
379 1352 416 1389 on
426 1334 513 1400 enim,
526 1345 558 1390 ut
569 1351 771 1407 quaereremus,
784 1332 975 1408 exposuimus,

98 1413 149 1470 sed
162 1423 194 1469 ut
208 1411 442 1486 explicaremus.†

138 1493 206 1550 Non
227 1492 313 1566 igitur
333 1490 443 1548 videtur
463 1510 516 1549 nec
537 1491 748 1555 frumentarius,
771 1489 915 1557 Rhodios,
928 1508 975 1547 ner

97 1572 145 1629 liic
166 1571 269 1629 adium
284 1570 422 1638 venditor,
439 1572 530 1628 celare
545 1582 667 1628 emtores
688 1570 836 1628 debuisse.
880 1570 976 1643 Neque

98 1652 173 1707 enim
195 1650 224 1707 id
245 1659 289 1706 est
309 1650 410 1717 celare,
427 1650 566 1722 quidquid
586 1652 724 1713 reticeam
747 1646 976 1721 eodenmque!

99 1743 127 1787 tu
149 1732 233 1797 scias,
249 1729 276 1785 id
299 1730 428 1804 ignorare
450 1731 634 1788 emolumenti
656 1731 696 1787 tui
717 1747 804 1785 causa
827 1730 899 1786 velis
920 1746 974 1793 eos,

98 1827 219 1880 quorum
243 1809 354 1865 intersit
376 1809 403 1865 id
424 1810 506 1866 scire.
549 1809 614 1866 Hoc
635 1821 728 1867 autem
754 1808 868 1865 celandi
894 1826 975 1885 mnus

99 1889 181 1959 quale
196 1892 242 1956 sit,
253 1899 281 1944 et
294 1889 374 1963 cujus
389 1889 525 1955 hominis,
536 1890 600 1960 quis
613 1908 671 1946 non
682 1887 780 1945 videti
823 1887 912 1945 Certe
924 1904 974 1944 non

98 1969 198 2043 aperti,
214 1988 271 2025 nou
293 1968 443 2042 simplicis,
460 1987 516 2025 non
540 1970 667 2044 ingenui,
682 1986 740 2025 non
757 1968 841 2043 justi,
857 1986 916 2025 non
930 1964 975 2023 riri

97 2048 185 2103 boni:
208 2049 314 2104 versuti
328 2049 433 2122 potius,
450 2048 573 2113 obscuri,
590 2049 683 2115 astuti,
700 2046 820 2113 fallacie,
836 2046 974 2111 malitiosi,

98 2127 203 2192 callidi,
214 2127 385 2193 veteratoris,
397 2126 495 2199 vairi.‡
535 2127 606 2184 Haec
619 2138 668 2193 tot,
679 2127 771 2183 etalio
783 2127 876 2202 plura,
889 2142 975 2183 nonne

98 2207 197 2263 inutile
212 2217 256 2262 est
271 2207 401 2262 vitiorum
419 2207 513 2262 subite
528 2207 646 2263 nomina
657 2208 685 2280 l§
708 2204 750 2284 (a)

130 2353 143 2381 s
156 2346 278 2392 Judteiom
290 2347 384 2391 emtores
395 2347 435 2391 est.
505 2347 588 2392 Where
606 2347 644 2394 the
658 2345 788 2403 purchases
800 2345 845 2392 hos
855 2356 891 2391 on
901 2356 976 2403 opem·

96 2401 176 2453 lunilo
187 2400 333 2457 offornring
345 2400 381 2444 his
391 2410 446 2444 own
489 2399 559 2445 'nilne

129 2447 430 2512 †N‹m—e.npliroremus.
488 2454 511 2498 ot
520 2454 608 2510 merely
619 2454 644 2500 io
654 2453 716 2499 state
733 2453 768 2499 ua
785 2452 906 2499 doublet·
923 2450 976 2509 dmi·

96 2509 167 2564 eully,
180 2507 223 2551 hot
231 2508 252 2552 lo
261 2508 313 2560 give
325 2506 475 2551 insultation.

131 2569 142 2611 ss
160 2561 234 2617 Vofri.
268 2563 305 2603 On
321 2559 434 2614 referring
447 2564 470 2603 to
482 2558 521 2602 tho
532 2560 671 2604 conclusion
687 2560 715 2603 of
729 2559 769 2603 the
785 2559 833 2603 last
850 2558 953 2615 chapter,
960 2556 976 2601 il

96 2616 145 2659 will
154 2615 183 2658 be
195 2626 251 2657 seen
264 2615 316 2656 that
334 2612 425 2655 neither
442 2613 498 2656 does
517 2613 633 2667 Diogenes
642 2625 722 2668 prove,
733 2625 777 2656 nor
788 2612 846 2656 does
858 2614 976 2674 Antipater

97 2669 178 2721 admit,
190 2668 240 2710 that
252 2666 281 2721 by
294 2666 332 2708 the
344 2665 552 2710 corn-merchant's
570 2667 665 2717 silence,
677 2678 724 2721 any
736 2667 787 2710 rule
799 2666 828 2709 of
841 2666 949 2721 moralrty
959 2674 977 2707 ir

97 2721 222 2775 infringed.
257 2725 293 2764 on
305 2719 369 2762 what
386 2719 485 2771 ground,
497 2720 545 2763 and
558 2720 593 2763 ter
603 2720 669 2763 what
685 2731 777 2769 reason,
789 2732 840 2763 was
858 2719 877 2763 it
894 2720 977 2779 incum-

98 2774 152 2818 bent
170 2786 201 2817 on
219 2773 268 2816 him
287 2777 310 2816 to
327 2772 425 2814 disclose
443 2772 482 2815 the
500 2772 546 2816 fact
557 2773 634 2817 which
652 2772 790 2817 accidentali
820 2783 891 2817 cama
908 2770 977 2815 tohu

96 2826 244 2881 knowledge,
256 2826 306 2869 that
322 2825 389 2868 other
405 2838 501 2877 carroes
515 2826 542 2868 oi
556 2837 612 2870 corn
628 2838 689 2870 were
701 2830 725 2870 at
741 2784 808 2870 sesi
834 2828 907 2871 Nono
918 2825 978 2887 ises-

96 2880 188 2933 signcd,
200 2880 242 2923 but
259 2880 309 2922 that
326 2878 413 2932 huyers
430 2879 477 2921 and
494 2879 573 2922 sellers
591 2891 629 2923 are
647 2878 727 2923 bound
740 2879 771 2934 by
783 2879 824 2923 the
835 2890 903 2922 sama
913 2875 977 2923 soctsl

96 2935 146 2978 ties.
181 2936 227 2977 But
243 2933 307 2976 these
320 2932 349 2973 do
362 2937 410 2983 not,
422 2944 447 2974 as
458 2933 585 2987 Antipater
596 2933 712 2979 observes,
723 2932 781 2975 bind
800 2945 830 2976 us
842 2936 868 2975 to
880 2942 978 2975 commu·

96 2987 172 3030 nicate
185 2991 209 3029 to
218 2985 350 3039 everyhody
360 2985 390 3027 all
398 2998 434 3027 we
447 2985 526 3028 know.
560 2987 590 3029 In
597 2986 751 3040 withholdiug
763 2984 811 3029 this
823 2984 978 3035 informatiom

96 3040 173 3083 which
184 3052 233 3082 was
245 3039 315 3081 wholl
344 3037 455 3081 extrinsie
472 3044 496 3080 to
514 3038 550 3081 his
563 3039 666 3093 bargain,
676 3051 708 3083 no
719 3038 861 3083 confidence
874 3050 924 3082 was
935 3036 978 3079 vio·

96 3092 165 3136 luted.
200 3091 252 3136 Had
265 3092 294 3133 hc
322 3091 421 3134 isclosed
433 3091 458 3141 it,
468 3092 506 3134 the
518 3091 581 3146 price
589 3093 617 3135 of
625 3093 663 3137 the
676 3092 822 3147 commodity
831 3092 856 3135 in
865 3091 941 3135 which
952 3089 978 3132 hs

95 3145 158 3188 dealt
170 3144 249 3188 would
260 3144 318 3187 have
331 3144 391 3187 been
404 3143 531 3199 materially
539 3145 647 3190 reduced.
681 3147 798 3190 However
806 3142 978 3190 noble-minded

126 3198 167 3255 (a)
187 3200 236 3245 For
247 3198 292 3244 this
307 3197 350 3256 (ξ)
365 3203 479 3255 notesce-
489 3210 553 3255 uage
564 3198 618 3244 tea.
