2054 3946
346 485 421 533 ΗΒ.
444 486 482 531 11.
516 486 596 533 CAP.
621 488 675 533 111.
894 495 949 549 113

70 606 175 663 autem,
198 603 231 661 ut
250 591 353 653 ceteri*
379 595 434 651 alia
453 604 538 662 certa,
556 596 610 652 alia
631 597 738 652 ineerta
757 614 821 652 esse
842 596 949 663 dicunt,

29 712 32 717 -
70 677 111 733 sie
126 677 162 732 ab
176 675 223 732 his
237 672 446 741 dissentientes,
459 675 514 732 alia
528 676 693 751 probabilia,
709 688 805 732 eontra
819 677 874 733 alia
887 696 950 733 esse

69 754 204 815 dicimus.

109 833 188 900 Quid
213 844 258 891 est
281 833 376 909 igitur,
398 832 475 906 quod
497 852 543 890 me
568 833 714 908 impediat,
736 852 770 890 ea
794 852 856 905 quat
879 834 951 891 mihi

71 913 229 989 probabilia
248 912 405 980 videantur,
427 913 529 984 sequit
559 931 621 985 quaa
648 923 755 978 eontra,
771 914 949 988 improbare:

70 1004 153 1064 atque
175 991 334 1051 affirmandi
355 993 542 1068 arrogantiam
564 993 709 1058 vitantem,
726 992 822 1068 sugere
841 995 952 1050 temeri·

70 1081 167 1139 tatem,
192 1090 255 1143 qnae
276 1091 293 1128 a
312 1072 452 1146 sapientia
478 1071 598 1129 dissidet
625 1072 802 1146 plurimum?
845 1072 953 1130 Contra

69 1158 165 1209 nutem
188 1151 285 1209 omnia
311 1150 470 1226 disputatur
496 1171 512 1207 a
539 1152 653 1218 nostris,
672 1151 747 1222 quod
775 1151 830 1208 hoe
858 1153 952 1227 ipsum

70 1230 218 1307 probabile
242 1231 353 1287 elucere
379 1249 437 1287 non
463 1231 564 1306 possit,
580 1231 635 1287 nisi
659 1248 695 1286 ex
720 1222 838 1301 utraque
864 1242 951 1307 parte,

69 1329 221 1369 eausamm
245 1320 321 1366 esset
347 1309 420 1366 faeta
443 1311 597 1367 eontentio.
640 1309 697 1366 Sed
719 1311 780 1366 haee
805 1313 954 1386 explanata

69 1401 139 1447 sunt
152 1390 183 1447 in
197 1389 376 1447 Academicis
391 1389 495 1445 nostris
510 1391 589 1452 satis,
605 1399 635 1446 ut
649 1389 776 1454 arbitror,
792 1389 951 1465 diligenter.

69 1469 139 1533 ¹'I'ibi
156 1479 261 1534 autem,
276 1469 316 1525 mi
332 1467 445 1534 Cicero,
462 1487 634 1540 quamquam
649 1467 677 1524 in
693 1470 890 1540 antiquissima
905 1489 954 1526 no-

70 1548 269 1619 bilissimaque
280 1547 488 1623 philosophia,†
498 1547 636 1624 Cratippo
646 1558 768 1615 auctore,
778 1550 908 1614 versaris,
918 1549 953 1605 iis

70 1628 232 1694 simillimo,
257 1627 306 1698 qui
330 1627 384 1683 ista
406 1627 538 1702 praeelara
562 1638 749 1703 pepererunt:
776 1637 870 1683 tamen
892 1629 954 1684 haee

70 1718 179 1773 nostra,
194 1707 315 1762 finitima
329 1708 440 1774 vestris,
456 1707 552 1782 ignota
566 1726 630 1763 esse
644 1707 733 1763 nolui.
776 1707 833 1762 Sed
844 1708 905 1782 jam
920 1707 955 1763 ad

71 1787 202 1845 instituta
216 1804 376 1862 pergamus.

73 1912 165 2003 QAP.
181 1913 235 1971 Ill.
268 1911 420 1990 Quidquid
441 1912 595 1971 honestum
620 1913 669 1980 ait,
688 1911 767 1970 idem
790 1930 851 1968 ease
873 1911 953 1970 utile.

235 1991 369 2062 Quonim
384 1992 527 2050 utilitates
542 1992 648 2069 offerat
663 1990 796 2050 societas.

113 2106 256 2171 Quruoon
277 2105 362 2181 igitur
383 2105 554 2178 rationibnsss
575 2104 730 2180 propositis
753 2104 839 2160 officii
861 2122 956 2179 perse-

73 2185 192 2256 quendi,
213 2203 331 2256 quarum
359 2184 421 2241 duae
447 2183 482 2240 ad
503 2184 589 2240 decus
614 2185 847 2254 honestatemque
872 2185 956 2259 perti·

74 2276 158 2331 neut;
180 2263 242 2320 dum
263 2262 297 2320 ad
317 2263 467 2322 commoda
481 2265 555 2330 vitae,
571 2265 679 2338 copias,
695 2282 776 2338 opes,
792 2263 955 2328 saeultatest

73 2344 173 2414 quinta
194 2343 228 2399 ad
249 2343 372 2419 eligendi
390 2343 543 2419 judicium,
558 2344 583 2399 si
605 2343 717 2414 quando
740 2361 783 2408 ea,
800 2362 861 2414 quae
884 2343 954 2408 dixi,

74 2441 200 2499 pugnare
221 2422 295 2480 inter
313 2441 344 2479 se
363 2422 542 2489 viderentur;
564 2422 720 2479 honestatis
742 2441 806 2496 pars
828 2423 957 2479 confecta

73 2514 126 2570 ost,
143 2521 230 2574 qnam
250 2501 365 2574 quidem
388 2503 438 2559 tibi
463 2503 549 2576 cupio
572 2520 635 2558 esse
657 2502 846 2559 notissimam.
891 2502 956 2559 Hoe

73 2593 179 2647 entem,
194 2581 229 2638 de
252 2600 308 2654 quo
329 2601 404 2639 nune
425 2582 546 2657 agimus,
560 2581 590 2638 id
612 2583 706 2656 ipsum
728 2590 781 2647 est,
797 2581 874 2653 qnod
887 2583 956 2638 utile

73 2661 242 2737 appellatur.
283 2661 317 2717 In
331 2679 388 2732 quo
408 2662 489 2735 lapsa
509 2660 684 2717 consuetudo
706 2659 823 2717 deflexit
844 2661 878 2717 de
900 2663 954 2723 via,

72 2740 241 2811 sensimque
261 2759 296 2796 eo
317 2739 437 2796 deducta
457 2751 510 2805 est,
526 2750 556 2796 ut
580 2740 756 2796 honestatem
779 2742 813 2796 ab
838 2741 955 2796 utilitate

71 2838 226 2877 secernens
248 2830 277 2875 et
295 2820 488 2886 constitueret,
502 2819 653 2876 honesturn
668 2838 732 2876 esse
747 2819 864 2891 aliquid,
880 2818 956 2889 quod

106 2963 119 2992 *
134 2959 165 3004 Ut
177 2958 252 3004 ceteri.
285 2961 299 2984 “
307 2959 367 3004 Ordo
376 2959 490 3002 sermonis
501 2959 654 3014 perturbatior
661 2963 697 3003 est
706 2962 730 3002 et
741 2957 854 3002 obscurus
865 2957 956 3012 amphi-

72 3012 173 3066 bologia.
210 3012 253 3074 ‘Sic
270 3013 372 3056 ordinari
392 3017 484 3067 potest:
509 3015 558 3058 Nes
578 3013 741 3056 dissentientes
761 3011 849 3062 abhis,
867 3022 955 3065 nempe

72 3066 164 3119 Stoicis,
175 3078 217 3120 qni
228 3065 275 3109 alia
285 3066 368 3110 dieunt
384 3079 435 3109 esse
452 3069 522 3120 certa,
533 3067 578 3109 alia
589 3067 685 3119 incerta,
694 3066 756 3108 sicut
775 3068 799 3108 et
816 3065 887 3108 ceteri
903 3075 956 3107 aea·

72 3119 159 3216 ism
184 3119 333 3173 dissentiunt,
355 3118 455 3163 dicimus
478 3120 524 3163 alia
546 3119 682 3174 probabilia,
700 3119 745 3162 alia
766 3116 955 3173 irnprobabiiia.‘'

95 3183 165 3216 raam.

105 3224 292 3281 wulteranae.
325 3224 377 3268 The
387 3225 523 3279 Peripatetie
534 3229 593 3279 seet3
610 3228 634 3268 to
646 3224 725 3268 whose
737 3226 813 3266 tenete
830 3221 896 3266 those
907 3235 956 3266 em·

73 3277 158 3323 braeed
181 3276 213 3332 by
232 3277 319 3330 Cicero,
331 3276 420 3330 though
442 3282 486 3322 not
505 3279 641 3332 identioally
661 3277 700 3322 dte
723 3289 796 3330 saure,
813 3277 894 3332 nearly
914 3289 956 3332 ap-

74 3329 331 3389 proauiae-finitima
341 3331 429 3376 uestra.

409 3419 559 3464 CHAPTER
577 3418 618 3463 111.

106 3489 418 3547 tonnae-eatetenus.
451 3487 614 3606 vrepppia.
626 3489 647 3534 3.
665 3480 670 3486 '
