2054 3946
74 207 130 261 190
384 200 433 247 00
458 200 644 248 onsrcus

70 331 155 385 quam
166 311 287 387 plurimo
298 309 482 368 venditurus?
524 310 689 387 Sapientem
700 318 730 367 et
742 310 851 367 bonum
862 310 945 367 virum

72 393 204 468 fingimus
218 412 225 446 ε
248 390 282 446 de
298 392 360 466 ejus
375 389 574 447 deliberatione
588 400 617 447 et
629 390 841 447 consultatione
855 388 945 461 queri·

72 491 153 528 mus:
177 471 224 542 qui
235 471 374 527 celaturus
390 470 519 527 Rhodios
531 489 588 527 non
599 471 646 537 sit,
656 470 682 526 si
694 468 724 525 id
733 480 817 545 turpe
825 469 945 546 judieet;

71 550 121 607 sed
136 550 253 617 dubitet,
269 570 303 606 an
318 560 398 625 turpe
414 569 471 606 non
487 551 534 607 sit.

110 630 144 687 ln
153 629 317 705 hujusmodi
329 630 433 695 causis,
444 630 519 686 aliud
531 629 656 704 Diogeni
670 627 852 704 Babylonio*
867 624 947 687 videri

71 710 153 774 solet,
169 728 272 784 magno
293 720 320 765 et
341 710 418 783 gravi
436 710 553 766 Stoico:
577 707 653 764 aliud
672 706 851 784 Antipatro,l
872 706 948 764 disci·

72 789 139 865 pulo
154 788 227 863 ejuS,
243 789 351 845 bomini
367 789 541 846 acutissimo.
583 789 743 863 Antipatro,
760 788 861 844 omnia
881 796 948 861 pate·

72 867 228 941 facienda,‡
240 877 272 923 00
282 887 318 923 00
328 868 396 938 quid
406 868 532 934 omnino,
543 867 618 940 quod
628 866 761 925 venditor
771 868 859 932 norit,
867 876 948 922 emtor

72 948 199 1023 ignoret:
233 946 378 1022 Diogeni;
408 948 595 1014 venditorem,
620 958 760 1018 quatenus
785 947 853 1023 jure
878 944 947 1001 civili

72 1027 255 1083 constitutum
277 1028 323 1093 sit,
340 1025 432 1084 dicere
452 1028 521 1083 vitia
534 1036 674 1102 oportere,
690 1038 787 1083 cetera
805 1026 870 1082 sine
889 1024 946 1081 insi·

72 1105 127 1162 diis
140 1125 240 1182 agere;
262 1116 291 1161 00
304 1107 437 1178 quoniam
454 1106 564 1172 vendat,
579 1106 651 1163 velle
666 1124 751 1177 quam
767 1107 877 1181 optime
891 1120 946 1161 veu-

72 1184 148 1242 dere.
192 1184 313 1251 Advexi,
323 1187 455 1260 exposui,
468 1186 561 1243 vendo
573 1204 667 1241 meum
682 1204 740 1243 non
755 1185 859 1260 pluris,
872 1200 952 1257 quem·

72 1265 168 1331 ceteri,
176 1266 295 1322 fortasse
307 1266 392 1322 etiam
407 1266 534 1331 minotio,
545 1284 610 1322 cum
625 1265 716 1341 major
729 1277 775 1321 est
788 1260 948 1341 eopia‚§eui
989 1280 991 1291 ·

72 1344 241 1420 fitinjurial

112 1424 249 1481 Exoritur
263 1424 404 1498 Antipatri
425 1424 495 1480 ratio
509 1443 545 1481 ex
561 1424 647 1481 altera
667 1434 765 1499 parte:
801 1422 880 1489 Quid
892 1420 948 1479 aiut
989 1454 991 1467 ι

72 1503 119 1560 Το
134 1523 199 1560 cum
209 1503 372 1560 hominibus
381 1504 528 1561 consulere
543 1503 656 1568 debeas,
669 1516 697 1559 et
707 1503 816 1559 servire
826 1503 948 1559 humane

72 1584 209 1649 societati,
225 1602 315 1654 enque
335 1583 398 1658 lege
420 1592 500 1640 natus
522 1584 572 1650 sis,
587 1593 616 1640 00
636 1601 670 1639 00
690 1584 796 1639 habeas
818 1580 949 1658 principia

72 1673 188 1727 naturae,
203 1663 305 1734 quibus
327 1680 435 1737 parere,
448 1673 478 1719 et
493 1682 555 1734 qnae
570 1663 651 1734 sequi
673 1661 788 1728 debeas,
805 1676 837 1719 ut
849 1661 948 1719 utilitas

72 1752 120 1817 tua
133 1743 293 1798 communis
315 1743 352 1797 sit
373 1743 488 1808 utilitas,
505 1742 689 1811 vicissimque
703 1743 868 1799 communis
881 1740 949 1797 utili·

72 1829 114 1877 tas
130 1831 176 1877 tua
186 1822 223 1877 sit
235 1841 242 1888 3
265 1822 369 1878 celabis
381 1822 522 1887 homines,
534 1820 602 1893 quid
615 1822 649 1876 iis
662 1820 736 1876 adsit
745 1818 948 1887 commoditatis

72 1909 101 1956 et
115 1901 226 1974 copiae?
269 1901 465 1974 Respondebit
478 1901 624 1976 Diogenes
639 1900 759 1956 sortasse
773 1901 835 1956 sie:
870 1897 949 1959 Aliud

72 1988 116 2035 est
129 1980 230 2046 celare,
248 1980 322 2036 aliud
338 1994 447 2036 tacere:
471 1999 562 2051 neque
577 1999 630 2055 ego
646 1998 721 2036 0000
735 1991 762 2036 00
778 1980 853 2047 celo,
865 1982 891 2037 si
904 1979 949 2037 tibi

72 2077 130 2116 non
144 2057 218 2124 dico,
234 2078 297 2130 quae
312 2070 410 2115 natura
425 2059 541 2115 deorum
562 2060 618 2126 sit;
641 2061 691 2130 qui
712 2061 750 2115 sit
775 2060 843 2116 finis
870 2062 949 2117 bono·

72 2156 153 2194 rum:
177 2158 239 2209 quae
262 2140 311 2195 tibi
333 2140 396 2213 plus
422 2138 591 2212 prodessent
615 2140 738 2213 cognita,
759 2158 846 2210 quarn
872 2138 949 2196 tritici

72 2216 175 2274 vilitas.
218 2217 276 2273 Sed
302 2217 449 2290 numquid,
471 2218 547 2290 qnod
569 2218 618 2274 tibi
642 2218 739 2274 audire
761 2220 830 2275 utile
854 2232 907 2285 est,
925 2214 949 2275 id

72 2296 144 2354 mihi
164 2297 257 2353 dicere
272 2316 388 2354 necesse
404 2299 469 2354 esrt
511 2298 602 2354 lmmo
619 2316 694 2364 vero,
711 2298 823 2369 inquiet
836 2299 895 2367 ille,
909 2316 949 2355 ne·

72 2395 153 2433 cesse
168 2388 220 2441 est,
236 2377 260 2432 si
276 2377 391 2448 quidem
408 2379 570 2441 meministi,
588 2396 651 2433 esse
667 2378 740 2434 inter
755 2378 889 2435 homines
909 2396 948 2435 na·

72 2466 134 2513 tura
148 2458 327 2532 conjunctam
340 2459 512 2513 societatem.
555 2458 688 2523 Memini,
699 2457 812 2528 inquiet
825 2458 888 2515 ille:
905 2454 947 2514 sed

72 2554 139 2592 num
153 2537 206 2592 ista
216 2537 334 2592 societas
349 2537 411 2592 talis
425 2549 476 2601 est,
492 2537 601 2593 utnihil
614 2556 697 2594 suum
712 2537 885 2612 cujusquam
899 2534 948 2593 siti

73 2615 148 2686 quod
171 2617 194 2671 si
217 2616 254 2670 ita
275 2625 327 2682 est,
343 2633 378 2671 00
401 2615 577 2672 vendendum
599 2617 714 2688 quidem
728 2616 887 2689 quidquam
903 2625 948 2680 est,

73 2694 124 2750 sed
138 2694 310 2751 donandum.

106 2839 119 2866 *
132 2835 235 2885 Diogeni
246 2835 385 2889 Babylonio.
422 2836 440 2878 Α
454 2834 516 2879 Stolo
527 2835 555 2879 of
561 2835 733 2889 distinguished
744 2840 887 2893 reputation,
898 2839 950 2883 born

73 2891 97 2983 pt
109 2888 222 2982 801οἰ0000,
237 2889 277 2932 but
288 2888 361 2932 called
369 2888 524 2943 Babylonian,
536 2902 567 2933 on
576 2895 676 2935 account
688 2891 715 2934 of
722 2891 761 2936 the
774 2893 872 2949 vicinity
884 2893 950 2938 osthe

84 2951 120 2983 wo
133 2953 152 2983 cr
165 2954 204 2983 res.

106 2993 264 3050 Modoutoi.
299 2994 357 3056 This
375 2994 525 3057 philosopher
539 2996 559 3040 is
577 2997 749 3052 distinguished
760 3011 788 3044 as
806 3012 821 3044 0
837 2998 949 3045 natireoi

73 3047 169 3090 Tarsus.
202 3049 259 3090 Cato
272 3048 299 3090 of
307 3050 376 3092 Utica
388 3061 438 3091 was
450 3049 485 3091 his
497 3049 600 3104 disciple.

107 3100 309 3163 &diffundenda
348 3102 463 3146 Videntur
470 3120 480 3151 ,·
499 3103 649 3148 understood.

105 3150 216 3214 §dhrym
226 3155 260 3198 est
279 3153 353 3209 copia.
389 3156 421 3200 Aa
438 3155 477 3200 the
495 3157 601 3209 quontitq
612 3157 639 3200 in
656 3157 694 3200 the
712 3159 804 3203 market
818 3160 842 3205 is
861 3159 947 3215 grta&

65 3204 196 3263 Hottmgcr
209 3208 346 3265 translatos,
358 3221 386 3255 as
397 3209 437 3255 the
448 3209 562 3265 quonlitq
570 3203 745 3253 sulcatum
752 3212 775 3254 ts
786 3215 885 3264 grentes.
