2054 3946
308 89 389 158 'ara
409 112 463 181 ΙΙΙ,
497 112 573 156 car.
603 111 706 155 nuru.
898 115 954 166 205,

69 222 154 281 satiu'
172 223 228 279 hoe
242 231 294 287 est,
305 233 336 278 ut
349 242 406 279 uon
421 221 577 292 deliquisse.
593 220 761 276 videantur?
805 219 879 275 Mihi
895 220 956 289 qui-

69 304 135 361 dem
159 322 216 359 uon
238 302 365 359 videtur:
396 321 568 373 qumuquam
593 301 711 356 alterum
735 300 829 354 vivum
855 299 957 364 ornavi,

70 385 210 441 alterum*
223 400 280 438 nou
295 382 342 438 odi
358 394 509 438 mortuum.

111 461 172 519 Sed
186 480 251 517 cum
272 461 385 517 Basilus
401 461 445 517 M.
462 461 597 521 Satrium,
614 461 720 516 sororis
736 458 837 524 filium,
852 476 957 514 nomen

72 541 173 599 suomi
194 541 265 597 ferre
282 541 428 605 voluisset,
445 558 567 611 eumque
584 540 698 596 fecisset
719 538 852 594 heredem
871 536 959 615 (hune

74 620 139 678 dico
156 632 304 696 patronum
326 622 386 696 agri
401 620 501 676 Piceni
516 632 543 675 et
558 619 675 678 Sabini:
699 618 724 675 Ο
740 628 849 692 turpem
865 628 961 673 uotam

74 712 237 776 temporum
259 699 371 756 illorum
384 703 408 772 li
430 718 496 755 mun
512 710 571 754 erat
585 717 709 770 coquum,
722 698 867 772 principes
883 697 960 752 cives

74 798 137 837 rem
151 780 266 845 habe-re,
279 778 314 835 ad
329 780 453 834 Satrium
469 779 540 834 nihil
556 790 657 853 praeter
673 797 775 834 nomeu
792 776 960 851 pervenire?

76 858 193 917 Etenim
209 860 234 915 si
250 860 285 925 is,
301 860 349 930 qui
365 878 421 914 non
436 857 561 914 defendit
581 858 724 933 injurium,
741 876 832 927 neque
849 856 962 931 propul-

78 950 130 1005 sat,
146 957 212 995 cum
234 950 336 1013 potest,
352 938 456 1013 injuste
471 937 546 1003 fucit,
564 948 594 993 ut
607 938 636 994 in
651 938 744 1013 primo
765 937 853 1008 libre§
874 936 963 992 ‹lisse-

78 1019 140 1085 rui;
162 1019 255 1089 qualis
271 1017 416 1073 habendus
427 1027 471 1073 est
485 1017 520 1083 is,
532 1018 582 1089 qui
596 1036 654 1074 nou
669 1016 754 1073 modo
768 1034 825 1072 nou
840 1015 962 1090 repellit,

78 1098 129 1155 sed
144 1099 229 1154 etiam
245 1096 359 1172 adjuvat
373 1096 526 1171 injuriam?
569 1097 645 1153 Mihi
660 1096 775 1167 quidem
790 1097 874 1151 etiam
891 1113 963 1150 verre

78 1177 264 1245 hereditatcsii
287 1195 344 1233 nou
369 1176 493 1233 honestae
519 1175 660 1242 videntur,
675 1177 700 1232 si
724 1183 790 1231 sunt
815 1174 963 1230 malitiosis

78 1256 235 1323 blanditiis,
246 1255 405 1312 officiorum
418 1276 475 1313 non
485 1257 612 1321 veritate,
625 1254 675 1311 sed
685 1255 876 1319 simulatione,
890 1272 965 1325 qure-

78 1337 151 1393 sitae.
194 1336 282 1406 Atqui
297 1336 326 1391 in
340 1335 442 1391 talibus
457 1337 541 1392 rebus
556 1334 631 1391 aliud
646 1335 714 1390 utile
725 1334 876 1398 interdum,
890 1332 965 1389 aliud

79 1416 234 1472 honestum
250 1414 338 1471 videri
354 1415 435 1471 solet.
479 1416 574 1471 Falso.
620 1415 695 1470 Nam
711 1412 808 1470 cadem
825 1413 964 1477 utilitatis,

80 1514 143 1569 quae
159 1493 326 1560 honestatis,
343 1505 386 1550 est
400 1495 506 1570 regula.
549 1494 606 1559 Qui
619 1494 672 1550 hoc
687 1513 743 1550 non
758 1491 920 1568 perviderit,
932 1493 965 1548 ab

79 1574 136 1633 hoc
151 1573 229 1631 nulla
242 1573 320 1641 fraus
334 1575 432 1640 aberit,
448 1574 556 1630 nullum
572 1573 692 1630 facinus.
735 1573 784 1629 Sic
799 1573 875 1629 enim
890 1573 966 1648 cogi·

78 1746 94 1781 a
104 1735 206 1789 iorgery,
213 1732 313 1778 because
326 1734 343 1777 it
354 1733 480 1777 contained
491 1746 505 1777 a
518 1732 544 1776 be
563 1738 614 1777 uest
626 1733 649 1777 in
661 1731 721 1777 their
732 1744 787 1776 own
799 1732 897 1776 favour:
912 1731 967 1786 and,

79 1792 105 1833 at
116 1788 183 1837 least,
193 1799 230 1829 we
243 1787 302 1831 have
312 1788 351 1831 the
362 1787 506 1831 satisfaction
519 1788 547 1830 of
571 1787 668 1841 nowing
681 1786 731 1829 that
742 1785 849 1829 however
861 1785 915 1840 high
929 1785 967 1829 the

79 1841 206 1891 character,
219 1840 257 1883 the
268 1841 336 1891 rank,
347 1853 373 1883 or
384 1842 422 1884 the
434 1840 551 1894 authority
564 1841 592 1884 os
604 1840 664 1884 such
680 1839 788 1894 legatees,
799 1839 839 1882 the
855 1839 967 1883 insertion

79 1893 109 1939 oi
117 1906 132 1937 a
143 1894 227 1947 legacy
239 1892 264 1936 in
277 1894 335 1938 their
353 1894 434 1937 favour
446 1894 525 1937 would
537 1893 615 1937 notin
627 1893 666 1937 the
678 1894 738 1937 least
749 1892 880 1937 contribute
891 1899 916 1936 to
927 1893 967 1937 the

79 1946 260 1992 establishtnent
271 1947 299 1989 oi
307 1959 320 1989 a
330 1948 409 2001 tirrgcd
422 1947 478 1990 will.

108 2000 261 2096 sdizoom.
294 2001 436 2045 Hortensius
444 2013 494 2044 was
504 2000 607 2044 Cicero’s
618 1999 709 2044 friend:
728 2000 832 2053 crassus,
841 2003 891 2044 not.
924 2000 969 2045 Pa·

80 2066 108 2099 ra
125 2064 165 2097 ox.
194 2084 199 2094 .

56 2124 63 2134 ·
115 2104 326 2163 wammam.
360 2107 428 2152 Alter
444 2105 490 2150 this
507 2106 552 2150 ado
571 2106 620 2150 tion
632 2106 664 2161 by
675 2105 712 2150 his
723 2106 838 2150 maternal
850 2106 927 2160 uncle,
938 2105 969 2151 he

81 2172 134 2205 was
151 2158 238 2203 named
255 2159 281 2203 L.
292 2160 414 2203 Minucius
434 2160 540 2205 Basilus:
576 2160 688 2204 eserved
700 2160 777 2204 under
793 2159 869 2203 Cesar
886 2160 912 2203 in
930 2159 969 2203 tho

81 2212 159 2258 Gallio
173 2224 227 2263 war,
239 2211 281 2273 but
294 2225 394 2275 appears
407 2218 431 2257 to
443 2214 505 2275 have
519 2213 580 2275 been
597 2225 643 2258 one
655 2213 682 2256 oi
696 2213 733 2257 the
751 2224 850 2267 persons
861 2225 927 2266 enga¹
940 2213 970 2256 ed

82 2266 110 2311 in
122 2265 162 2309 the
173 2276 315 2321 conspiracy
328 2271 420 2329 against
438 2266 473 2309 hrs
490 2266 545 2311 life:
563 2279 589 2310 rn
607 2266 646 2310 the
664 2278 721 2322 year
736 2266 864 2320 following,
876 2226 969 2311 Basilus

83 2330 135 2363 was
150 2319 275 2363 mordered
287 2319 318 2374 by
330 2321 366 2363 ius
377 2332 433 2363 own
445 2321 529 2365 slaves.
563 2319 831 2366 DeBell.Gall.vi.2”l.
864 2321 971 2376 Appian.

84 2374 121 2418 Dc
134 2372 192 2416 Bell.
204 2372 253 2416 Civ.
265 2373 288 2416 ii.
302 2373 350 2416 and
359 2373 391 2417 iii.

118 2426 290 2479 ssTcmporum
309 2426 417 2471 illimem.
451 2427 480 2470 Iu
500 2426 546 2470 this
565 2426 692 2481 indignant
707 2426 873 2479 exclamation,
889 2426 971 2470 Cicero

84 2477 177 2523 allodes
186 2483 235 2541 tona
246 2492 352 2524 measure
366 2485 389 2523 to
402 2479 479 2524 which
489 2481 612 2535 provinces
624 2492 685 2524 even
704 2481 729 2523 in
745 2480 783 2524 the
796 2479 862 2523 heart
872 2480 900 2523 ot
908 2480 970 2534 ltaly

86 2542 156 2583 were,
168 2531 254 2587 during
265 2532 303 2576 the
315 2533 370 2577 civil
382 2545 450 2585 wars,
463 2534 594 2588 compelled
606 2538 630 2577 to
642 2538 721 2585 resort,
733 2534 757 2577 in
773 2533 841 2576 order
857 2537 881 2575 to
897 2533 972 2577 shield

86 2584 228 2630 themselves
246 2586 304 2630 from
322 2587 425 2642 plunder
437 2587 484 2630 arrd
497 2586 642 2641 oppression.
677 2587 746 2642 They
757 2586 863 2630 solicited
874 2586 972 2630 Cesar's

86 2638 220 2700 adherente,
233 2651 332 2693 persons
349 2639 464 2702 probably
476 2646 519 2684 not
536 2641 626 2702 always
644 2639 672 2683 of
687 2652 746 2702 pure
762 2641 888 2691 character,
899 2638 972 2683 tobe-

86 2704 155 2736 eome
164 2690 226 2753 thau
238 2697 342 2747 patrous.
377 2693 436 2737 Phil.
445 2693 468 2737 ri.
480 2695 517 2747 41,
536 2696 548 2718 “
558 2694 619 2748 Quid
631 2706 661 2747 eg
672 2694 740 2737 odias
752 2693 819 2738 istius
830 2694 907 2736 minas
917 2704 972 2736 cou-

86 2744 244 2799 tumelrasque
257 2758 447 2797 commemorem,
455 2747 541 2802 quibus
553 2747 661 2791 invectus
669 2753 704 2791 est
713 2747 738 2791 in
748 2746 972 2797 Sidicinos,veravit

87 2798 238 2848 Puteolanos,
250 2799 314 2853 quod
327 2800 352 2844 C.
365 2800 479 2851 Cassium,
509 2800 555 2844 uod
573 2802 666 2851 Brutos,
675 2805 790 2856 patronus
802 2801 952 2854 adoptassent
960 2796 970 2841 'l

86 2850 178 2905 Magno
190 2851 287 2912 quidem
296 2850 393 2915 iudicio,
404 2812 674 2915 studimqoencvolentia,
687 2853 788 2905 caritate,
797 2865 847 2897 non
859 2856 886 2896 ut
903 2854 934 2904 te,
946 2854 973 2895 ut

90 2903 209 2965 Basilum,
220 2917 243 2947 vr
255 2908 280 2949 et
290 2918 368 2958 armis,
379 2912 404 2950 et
415 2907 473 2950 ahos
484 2910 554 2951 vestri
564 2907 659 2961 srmiles,
670 2919 731 2963 quos
743 2906 840 2952 clientes
850 2915 923 2951 nemo
934 2903 972 2948 har

87 2956 142 3002 ltere
148 2957 215 3055 Iveirt,
228 2959 461 3057 niirmwgdlmiim
473 2959 546 3004 cliens
557 2961 635 3005 esse.'’

120 3009 136 3117 ἓ
172 3022 265 3055 ramat
293 3026 314 3057 o.
382 3026 440 3058 .vu.
620 3014 623 3021 ’

91 3064 213 3172 forgiis&
228 3064 373 3112 hereditates.
407 3066 608 3122 sequestratim
624 3078 665 3114 ore
679 3066 804 3115 mntohud
814 3066 841 3115 in
853 3064 920 3115 will!
934 3072 959 3157 11

508 3180 547 3237 18
