2054 3946
357 549 463 595 utar.
496 549 659 594 csnxrv.
918 557 955 612 57

69 659 189 716 tassiaco
201 659 289 726 bello,
304 659 449 731 multaque
469 658 585 716 fecisset
605 659 719 734 egregie
733 678 740 724 ;
763 659 845 716 vertit
859 659 892 715 ad
908 678 957 716 ex·

69 749 195 795 tremum
221 739 327 804 omnia,
352 758 417 797 curn
438 739 560 795 consilio
581 757 639 794 non
661 739 753 813 paruit
775 757 885 804 eorum,
907 741 957 810 qni

69 817 195 874 classem
217 820 251 875 ab
272 818 458 895 Arginussis*
480 817 694 884 removendam,
709 836 762 874 nec
783 837 848 874 cum
871 819 956 875 Athe-

69 897 221 954 niensibus
231 897 422 954 dimicandum
432 898 575 972 putabant.
618 897 729 962 Quibus
741 898 788 954 ille
799 899 955 972 respondit,

71 975 319 1044 Lacedaemonios,
334 978 425 1033 classe
440 977 489 1032 illa
504 977 619 1042 amissa,
635 977 718 1032 aliam
734 996 831 1052 parare
846 996 932 1052 posse
947 999 954 1035 :

70 1074 102 1112 se
123 1055 223 1132 fugere
244 1058 306 1113 sine
326 1075 379 1113 suo
400 1055 540 1112 dedecore
561 1074 618 1112 non
640 1073 736 1131 posse.
779 1058 873 1128 Atque
896 1057 957 1114 hee

71 1135 189 1207 quidem
205 1135 431 1192 Lacedaemoniis
446 1135 531 1210 plaga
551 1134 719 1192 mediocris:
742 1136 791 1191 illa
811 1136 956 1210 pestilera,

70 1233 137 1286 qua,
153 1234 219 1272 cum
236 1214 447 1279 Cleombrotus,
463 1213 600 1270 invidiam
622 1215 750 1280 tianensi
763 1227 869 1271 temere
890 1235 957 1272 cum

71 1293 276 1370 Epaminonda
297 1294 485 1360 conflixisset,
502 1293 784 1350 Lacedaemoniorum
802 1313 873 1369 opes
896 1315 946 1351 cor

71 1385 198 1430 ruerunt.
241 1374 355 1439 Quanto
368 1374 404 1439 Q.
417 1373 564 1430 Maximus
574 1374 696 1429 melius?
711 1373 745 1430 de
757 1390 812 1446 quo
823 1375 954 1431 Ennius:

205 1467 277 1516 Unus
288 1469 359 1517 horno
371 1467 441 1516 nobis
452 1467 586 1516 cunctando
599 1467 700 1516 restituit
711 1484 769 1517 rem.

203 1534 229 1583 N
231 1551 263 1583 on
274 1537 377 1598 ponebat
387 1535 452 1583 enim
463 1550 569 1582 rumores
581 1543 636 1582 ante
646 1537 755 1584 salutem.

204 1601 270 1664 Ergo
281 1612 389 1666 postque,
401 1601 525 1664 magisque
538 1601 583 1648 viri
594 1617 661 1650 nunc
678 1604 753 1663 gloria
763 1604 855 1658 claretss

106 1683 198 1750 Quod
218 1703 308 1761 genus
330 1684 467 1761 permandi
483 1683 626 1740 vitandum
647 1699 691 1741 est
711 1687 796 1743 etiarn
818 1687 846 1742 in
872 1687 955 1743 rebus

69 1764 198 1822 urbanis.
240 1765 314 1821 Sunt
340 1766 428 1829 enim,
455 1765 514 1836 qui,
539 1763 614 1835 quod
642 1766 777 1832 sentiunt,
804 1767 857 1822 etsi
885 1766 957 1840 opti·

70 1864 153 1902 mum
165 1845 214 1911 sit,
231 1855 325 1902 mmen
339 1844 453 1902 invidiae
468 1854 545 1900 metu
560 1862 618 1900 non
633 1843 751 1920 audent§
767 1844 871 1900 dicere.

103 1958 117 1986 *
129 1952 282 2007 Arginusam.
315 1954 393 1998 These
410 1952 475 1996 three
487 1951 583 2003 islanda
594 1963 652 1995 near
664 1953 761 2003 Lesbos,
772 1964 811 1995 are
824 1952 914 1997 formed
926 1955 955 1998 of

67 2019 84 2050 a
94 2007 176 2059 white,
187 2007 341 2060 argillaceous
351 2007 401 2058 soil,
411 2006 459 2049 and
471 2007 532 2049 from
541 2005 590 2048 that
602 2005 771 2050 circumstance
779 2007 890 2061 probably
901 2008 958 2051 took

68 2059 131 2104 their
148 2070 239 2103 names.
274 2061 393 2112 ’scyticas
414 2059 550 2156 gandidus,
568 2059 729 2120 splendidus),
748 2059 803 2102 iem.
822 2061 956 2121 dpywosocc,

68 2114 191 2156 contracte
203 2112 326 2165 dpytsodca.
361 2113 396 2156 As
436 2113 522 2157 ictuata
539 2122 668 2157 muthusis
685 2113 744 2156 from
762 2111 957 2162 alinsdonensis,

69 2164 183 2221 Ophiusa
194 2164 242 2206 and
253 2161 354 2216 Piiytttd
365 2163 424 2208 from
437 2168 539 2218 tardam
552 2164 598 2208 and
611 2167 733 2207 πιτυόισσα.

103 2219 120 2276 †
131 2216 250 2262 Invidiam
259 2215 350 2260 timens.
385 2217 523 2272 suspicions
536 2230 597 2260 were
609 2216 756 2262 entertained
766 2214 816 2258 thet
826 2212 958 2258 Cleombro-

70 2276 110 2316 tus
125 2270 226 2324 secretly
238 2269 349 2312 mvnered
362 2271 463 2316 Thebes.
498 2271 560 2314 Xen.
572 2270 612 2314 lih
623 2269 654 2313 vi.
665 2270 775 2320 'diluta

105 2329 117 2375 ss
140 2324 256 2368 Salutem.
291 2323 328 2365 Το
347 2323 393 2368 this
409 2335 510 2379 passage
530 2324 590 2379 Livy
607 2324 656 2366 also
674 2320 771 2373 alludes,
783 2319 823 2365 lib.
842 2331 900 2364 xxx.
920 2320 958 2382 26,

70 2378 156 2424 “Nihil
168 2375 254 2420 certius
265 2387 337 2429 quam
354 2387 432 2421 unum
448 2375 570 2420 hominem
587 2376 657 2420 nobis
674 2375 810 2420 cunctando
827 2385 878 2417 rem
893 2380 959 2417 restr-

72 2431 155 2480 tnisse,
163 2430 227 2474 sictrt
238 2428 332 2473 Ennius
343 2429 401 2475 ait.”
911 2479 915 2487 Ι

107 2483 190 2538 §Non
203 2482 302 2526 audent.
336 2483 364 2526 In
382 2483 421 2526 the
435 2485 533 2538 present
549 2483 663 2536 instance,
671 2481 720 2525 arrd
732 2481 756 2524 in
766 2480 845 2525 others
863 2479 958 2532 similar,

72 2535 153 2581 where
164 2535 224 2580 eund
233 2535 277 2589 qai
288 2535 307 2578 is
319 2533 427 2580 followed
440 2539 469 2590 hy
480 2548 496 2579 a
508 2535 563 2579 verb
575 2537 600 2579 in
610 2536 651 2580 the
663 2535 796 2586 indicative,
809 2533 899 2578 Ernesti
916 2531 959 2575 has

73 2589 163 2635 altered
174 2588 253 2632 itintc
267 2587 308 2631 the
320 2589 477 2645 subjunctive.
508 2590 532 2633 J.
550 2592 576 2635 F.
594 2589 728 2642 Heusinger
744 2591 828 2632 asserta
844 2587 895 2630 that
912 2586 959 2629 this

73 2643 187 2688 hasbeen
200 2641 261 2684 done
272 2641 364 2695 against
382 2643 420 2685 the
432 2641 551 2696 authority
561 2643 588 2686 of
602 2643 684 2693 MSS.;
701 2641 748 2685 and
767 2642 816 2684 that
827 2640 904 2700 where
918 2639 958 2683 the

74 2700 159 2741 matter
171 2695 305 2750 predicated
315 2694 340 2737 in
350 2696 389 2740 the
401 2703 511 2739 sentence
528 2696 549 2738 is
566 2696 650 2750 simple
667 2695 715 2738 and
732 2694 845 2746 absolute,
858 2692 959 2735 wrthout

73 2749 148 2795 doubt
160 2761 187 2792 or
198 2761 296 2801 reserse,
306 2748 346 2792 the
357 2749 482 2792 indicative
491 2748 511 2791 is
520 2751 631 2845 properly
642 2747 776 2802 employed.
810 2749 840 2791 In
857 2746 896 2790 the
908 2758 959 2800 pre·

73 2807 128 2847 sent
145 2802 214 2855 book,
226 2802 294 2855 chap.
313 2814 370 2848 xxx.
388 2813 470 2846 occurs
486 2801 526 2845 the
540 2803 564 2845 fo
574 2804 659 2856 lowrng
676 2813 790 2856 passage:
820 2805 833 2824 “
842 2801 904 2843 Sunt
918 2798 959 2860 ¹llis

73 2856 114 2900 alii
126 2856 230 2899 multum
241 2855 355 2909 dispares,
366 2855 485 2909 simplices
496 2859 520 2898 et
531 2855 665 2910 apertioni
683 2855 744 2898 nihil
756 2865 787 2897 ex
798 2853 888 2912 occulto
899 2851 958 2912 ¹¹}th

72 2921 106 2954 ex
124 2908 218 2952 insidiis
240 2909 359 2962 agendum
378 2912 476 2970 putant3
498 2909 601 2952 veritatis
623 2908 732 2962 cultores,
748 2906 836 2967 fraudis
851 2905 958 2956 innnrcr;

74 2963 179 3017 itemque
191 2961 238 3012 alii,
250 2960 291 3015 qui
302 2962 396 3015 quidvrs
422 2973 447 3004 er
480 2961 576 3009 tiautur,
588 2960 663 3005 cuivis
674 2961 814 3012 deserviant,
824 2958 882 3000 dum
893 2958 958 3012 quod

75 3015 150 3060 velint
160 3015 365 3069 consequuntur.”
411 3027 428 3057 n
446 3020 455 3057 t
471 3027 485 3058 e
502 3015 552 3058 first
569 3015 626 3058 llmh
643 3014 671 3057 os
684 3013 730 3057 this
747 3017 865 3062 sentence,
873 3010 959 3065 putent

74 3067 155 3112 would
169 3067 199 3111 be
212 3080 239 3109 ns
256 3067 374 3123 impropar
391 3080 418 3110 ss
435 3067 461 3111 in
478 3067 518 3111 the
536 3068 630 3120 second,
645 3065 808 3121 perpetiuntur
824 3064 872 3107 and
884 3064 958 3124 deser·

73 3121 151 3167 niani.
185 3119 330 3164 Alterations
348 3122 376 3164 ot
389 3121 436 3164 this
448 3124 537 3173 nature,
549 3121 574 3163 in
585 3121 726 3172 conformity
737 3123 761 3160 to
773 3117 812 3160 the
824 3121 958 3178 grammatr·

73 3175 111 3219 cal
123 3173 220 3218 notions
240 3173 267 3216 od
282 3186 309 3217 co
328 3185 381 3228 ysrs
399 3173 447 3216 and
457 3174 552 3228 editors,
562 3186 600 3218 are
612 3186 677 3218 mere
689 3171 788 3214 difficolt
804 3174 829 3214 to
846 3170 915 3215 effect
930 3181 957 3215 tn

73 3232 167 3284 poetry.
202 3225 283 3270 Thus:
302 3187 394 3271 linerat.
405 3227 438 3270 ill.
447 3228 497 3280 rto,

192 3297 257 3339 “Est
268 3295 332 3366 uliud
343 3295 460 3357 tamenin
472 3294 548 3349 nohis,
556 3295 621 3357 quod
632 3298 738 3357 tempore
750 3293 775 3337 in
789 3293 835 3347 illo,

214 3348 286 3410 Mults
304 3349 381 3392 modus
391 3353 500 3424 aguntur,
511 3352 534 3392 et
546 3361 625 3392 omnrs
636 3351 722 3402 accrprt
730 3359 755 3390 rn
766 3359 791 3391 se

71 3455 122 3500 „u
136 3401 405 3507 mitttdmt

150 3509 234 3550 “sunt
244 3506 337 3569 aliquot
347 3518 445 3584 guoque
456 3519 503 3566 res,
514 3519 618 3568 quarum
624 3518 704 3555 unani
709 3506 787 3554 dueta
795 3518 898 3553 caussas

163 3561 220 3604 Non
232 3563 293 3605 satis
301 3565 347 3608 est
