2054 3946
321 480 393 529 ΗΒ.
410 481 429 527 1.
463 482 542 527 cAl’.
568 480 703 526 ΧΧΧΙΙ.
918 488 957 542 ⁸5

71 591 108 649 ad
123 590 316 663 eloquentiam
331 591 493 667 applicant;
514 591 697 666 ipsarumque
714 591 846 648 virtutum
861 589 889 647 id
903 591 956 648 alia

70 672 148 729 alius
163 670 271 727 mavult
284 672 436 727 excellere.

112 751 245 816 Quorum
271 767 339 807 vero
371 761 476 826 patres,
504 761 551 806 aut
581 750 704 826 majores
736 749 837 820 aliqua
867 749 956 825 gloria

72 830 275 904 prestiterunt,
297 830 317 886 ii
342 827 457 886 student
483 829 650 904 plerumque
672 829 773 886 eodem
797 830 826 887 in
851 848 956 906 genere

71 908 166 967 laudis
187 908 345 966 excellere:
368 919 399 965 ut
413 909 449 975 Q.
467 908 612 974 Mucius*
629 910 663 965 P.
679 909 714 967 F.
731 910 759 965 in
777 909 842 984 jure
856 909 933 967 civili
947 927 955 975 ;

72 987 158 1047 Pauli
171 988 263 1049 filiust
276 988 428 1045 Africanus
451 988 481 1044 in
502 1006 531 1044 re
554 989 679 1044 militari.
721 988 845 1054 Quidam
860 1001 953 1045 autem

72 1066 107 1125 ad
128 1086 178 1124 eas
198 1067 307 1133 laudes,
322 1085 392 1138 quaa
408 1069 563 1142 apatribus
585 1079 764 1142 acceperunt,
780 1067 886 1123 addunt
907 1069 953 1125 ali·

72 1165 158 1219 quam
180 1166 280 1204 suam:
303 1159 333 1203 ut
347 1147 394 1203 hic
415 1147 490 1204 idern
505 1146 655 1204 Africanus
676 1146 839 1218 eloquentia
858 1165 953 1205 cumn·

72 1225 140 1283 lavit
158 1227 291 1283 bellicam
312 1226 451 1302 gloriam:
474 1225 551 1298 quod
572 1226 648 1283 idem
668 1226 735 1283 lecit
756 1226 954 1300 Timotheum

73 1304 204 1365 Cononis
219 1306 306 1371 filius,
320 1305 379 1376 qni,
393 1325 458 1362 curn
472 1306 538 1362 belli
552 1306 635 1362 laude
651 1325 707 1362 non
723 1305 839 1362 inserior
854 1305 955 1363 suisset

71 1404 156 1456 quam
167 1397 256 1460 pater,
270 1384 376 1441 adeam
391 1384 514 1451 laudem,
527 1384 662 1442 doctrinm
674 1397 701 1441 et
715 1385 822 1460 ingenii
834 1385 953 1460 gloriam

70 1465 184 1540 adjecit.
227 1463 275 1521 Fit
308 1476 401 1520 autem
437 1464 588 1529 interdum,
617 1473 648 1520 ut
676 1464 817 1530 nonnulli,
846 1466 955 1521 omissa

70 1543 229 1601 imitatione
248 1544 398 1619 majorum,
414 1562 497 1600 suum
516 1543 629 1615 quodda
650 1544 839 1601 minstitutum
854 1562 954 1600 conse·

70 1634 192 1694 quantur
205 1624 230 1696 :§
258 1624 439 1694 maximeque
460 1623 490 1680 in
511 1642 545 1679 eo
567 1623 734 1697 plerumque
755 1624 900 1680 elaborant
921 1624 952 1690 ii,

69 1703 119 1774 qui
135 1720 239 1777 magna
253 1702 307 1758 sibi
323 1712 494 1778 proponunt,
510 1703 638 1759 obscuris
653 1703 707 1759 orti
723 1702 888 1778 majoribus.

109 1781 183 1838 Haec
216 1781 301 1856 igitur
328 1783 433 1848 omnia,
463 1801 528 1838 cum
557 1783 720 1853 quaerimus,
750 1780 818 1852 quid
844 1779 951 1847 deceat,

67 1860 223 1935 complecti
247 1861 342 1917 auimo
363 1872 392 1917 et
412 1861 582 1936 cogitatione
608 1860 754 1917 debemus.
796 1858 830 1916 In
852 1860 952 1936 primis

68 1949 164 1997 autem
193 1940 422 2012 constituendum
450 1951 504 2007 est,
526 1959 598 2012 quos
628 1959 690 2006 noa,
713 1950 741 1996 et
761 1939 860 2011 quales
888 1957 952 1996 esse

69 2020 203 2085 velimus,
227 2029 255 2075 et
277 2019 306 2076 in
328 2039 384 2090 quo
406 2039 509 2096 genere
531 2020 613 2076 vitae:
637 2037 699 2090 quae
721 2017 886 2076 deliberatio
909 2029 953 2074 est

67 2099 199 2156 omniurn
215 2097 390 2155 difficillima.
432 2099 569 2156 Ineuente
585 2100 661 2155 enirn
672 2097 872 2166 adolescentia,
886 2117 951 2156 cum

68 2188 113 2235 est
137 2178 261 2234 maxima
282 2178 462 2235 imbecillitas
484 2179 609 2244 consilii,
627 2189 685 2234 turn
706 2177 735 2234 id
756 2177 810 2235 sibi
830 2179 952 2250 quisque

68 2276 160 2334 genus
175 2257 263 2312 aetatis
278 2255 413 2333 degendae
432 2257 587 2324 constituit,
604 2256 679 2328 quod
702 2258 827 2314 maxime
842 2257 953 2314 adama·

68 2336 118 2393 uit.
161 2336 259 2408 ltaque
275 2346 338 2392 ante
359 2337 521 2412 implicatur
536 2337 631 2407 aliquo
646 2347 723 2393 certo
738 2355 841 2412 genere
856 2356 952 2393 cursu·

69 2434 124 2489 que
160 2414 285 2482 vivendi,
321 2432 405 2488 quarn
440 2417 542 2493 potuit,
579 2414 655 2488 quod
689 2417 829 2492 optimum
864 2426 951 2483 esset,

73 2495 213 2571 judicare.

108 2573 136 2632 N
141 2594 186 2631 am
202 2574 278 2646 quod
293 2573 448 2633 Herculem
463 2572 642 2644 Prodiciumll
654 2573 752 2630 dicunt
766 2573 809 2653 (ut
822 2584 867 2630 eat
877 2572 952 2650 apud

101 2706 115 2734 *
128 2700 154 2753 Q.
167 2700 271 2745 Mucius.
323 2699 452 2744 Sumamcd
478 2698 589 2751 scevola,
611 2698 694 2743 consul
716 2697 774 2742 with
798 2699 824 2742 L.
845 2700 954 2751 Crassus,

69 2754 97 2799 A.
107 2755 136 2798 U.
149 2754 175 2797 C.
188 2754 240 2798 658.
272 2754 353 2798 Cicero
365 2753 408 2796 has
420 2752 547 2796 elsewhere
559 2751 679 2796 described
692 2751 749 2805 him,
758 2755 772 2776 “
780 2763 857 2795 unum
869 2755 952 2794 norhre

68 2804 169 2850 civitatis
185 2811 209 2849 et
226 2806 323 2859 ingenio
339 2811 364 2850 et
383 2803 475 2861 justitia
493 2804 742 2868 prestantissimnmJ'
774 2805 830 2850 Lael.
845 2804 861 2848 i.
894 2802 952 2848 And

68 2861 134 2904 Brut
145 2872 166 2903 c.
179 2859 214 2911 39,
228 2858 463 2913 “jureconsultorum
476 2857 682 2902 disertrnlmum.'’

83 2913 117 3008 d†
129 2904 283 3008 {gulifih'ua
316 2913 369 2958 The
377 2923 421 2956 son
431 2911 459 2955 os
467 2911 579 2956 AEmilius
588 2911 683 2966 Paulus,
691 2911 770 2955 whom
778 2912 814 2955 Sc.
823 2909 952 2954 Africanus

69 2977 82 3008 a
99 2978 276 3068 lpdinotueua
309 3019 362 3064 The
379 3018 453 3064 father
464 3017 530 3062 freed
547 3016 584 3060 his
601 3021 702 3072 country
712 3017 774 3061 from
792 3014 831 3059 the
849 3014 952 3076 Lacede·

68 3071 167 3168 ssljnllslli
187 3073 263 3168 gollre:
288 3072 326 3117 the
347 3085 391 3117 son
412 3071 530 3116 extended
546 3071 576 3115 ita
596 3069 727 3114 dominion.
760 3071 830 3114 Corn.
847 3070 908 3123 Nep.
926 3080 950 3112 rn

100 3177 114 3231 ξ
129 3156 320 3232 consignentur.
353 3179 413 3223 This
428 3177 485 3222 verb
501 3177 520 3221 is
537 3177 695 3230 occasionally
712 3184 876 3236 synonymous
892 3172 950 3236 ¹with

66 3241 153 3286 aequor
170 3243 196 3274 or
211 3243 343 3308 persequor.
376 3234 391 3257 ‘⁴
400 3234 463 3276 Eum
480 3242 570 3275 morem
584 3231 662 3286 igitur,
674 3242 731 3274 cum
748 3229 866 3282 brevitate,
878 3240 899 3271 si
910 3239 949 3283 po

67 3285 283 3338 tero,consequar.’
328 3284 434 3339 regan.
447 3286 469 3329 7.
936 3333 941 3343 ,

99 3337 108 3390 l
124 3338 248 3382 Herculem
260 3337 405 3383 Prodlclum.
439 3337 558 3389 Prodicus,
570 3349 586 3380 a
596 3336 676 3379 native
689 3334 717 3378 ot'
730 3335 782 3386 Cos,
794 3346 843 3378 was
856 3332 895 3378 tho
907 3346 950 3376 on·

65 3390 131 3440 ulmal
143 3389 226 3434 author
238 3391 265 3434 of
278 3391 317 3434 the
329 3393 442 3447 Allegnry
453 3389 481 3435 of
495 3391 534 3434 the
552 3389 632 3434 choico
645 3387 673 3431 os
687 3389 807 3433 Hercules.
840 3387 951 3441 Xenoph.

65 3444 140 3489 Mem.
152 3443 191 3487 lib.
205 3443 230 3488 ii.
263 3445 300 3498 By
313 3445 438 3490 Herculem
456 3442 594 3489 Prodicium
611 3443 632 3485 is
649 3447 737 3492 meunt,
756 3442 867 3488 Heroides
884 3440 950 3496 apud

66 3494 197 3543 Prodicum
203 3515 216 3549 ,-
233 3508 260 3540 es
270 3497 295 3542 in
308 3509 360 3554 cop.
370 3499 401 3543 ix.
414 3500 428 3523 “
438 3496 600 3543 Terentianus
609 3494 746 3541 Chremes?

502 3558 522 3614 Β
