2054 3946
409 478 490 527 tAP.
515 477 590 527 XIV.
885 484 944 539 251

91 586 143 639 oet
154 586 212 653 quid
223 604 267 651 ego
278 587 356 639 ulios!
376 590 405 639 ed
417 589 534 654 meipsum
541 591 594 655 jem
605 596 714 638 revertar.
748 586 856 637 Primum
874 588 947 637 habui

57 672 153 721 semper
169 657 275 721 sodales:
293 656 428 705 sodalitates
444 666 583 716 aeternnm
599 666 720 719 quaestore,
732 656 865 703 constitutae
882 664 947 713 sunt,

56 722 313 784 mulieremque
322 723 406 772 Matris
413 725 523 786 acceptis.
552 722 673 787 Epulabar
682 723 755 784 igitur
763 738 818 770 oum
828 723 948 771 sodalibus

56 791 160 841 omuino
171 790 278 848 modios-3
295 791 336 838 sed
346 800 398 839 erat
409 791 504 853 quidem
515 791 592 839 servor
603 790 692 839 etatis:
711 805 759 852 qua
776 789 947 851 progrediente,

56 858 142 907 omnio
151 857 216 905 liunt
232 856 308 906 indies
319 857 428 905 mitiore:
445 873 524 920 neque
534 858 600 906 enim
611 857 718 921 ipaomm
729 856 891 905 eonviviorum
908 856 948 904 de·

58 924 210 975 lectationene
226 925 384 986 voluptatibus
402 926 504 987 corpmis
521 924 605 985 magis,
617 941 690 987 quam
707 931 770 971 coetu
782 924 911 971 amicorum
923 930 948 973 et

56 990 216 1049 sermonibus,
227 992 346 1039 nebim.
388 991 456 1039 Bene
474 991 539 1039 enim
557 992 659 1054 majores
679 990 753 1038 nostri
773 990 946 1040 accubitionem

56 1060 181 1123 epularem
197 1056 335 1116 amicorum,
347 1057 404 1121 quia
415 1058 467 1105 vito
484 1058 679 1123 coniunctionem
696 1058 798 1115 haberet,
810 1058 948 1107 convivium

57 1125 222 1181 nominarunt,
231 1124 323 1183 arelius,
330 1140 402 1187 quara
412 1123 496 1182 Greci,
505 1124 547 1188 qui
554 1125 600 1172 hec
606 1124 670 1173 idem
679 1132 731 1173 turn
740 1125 948 1201 compellationem,

56 1200 111 1241 tum
123 1191 334 1250 wneunatr'rrnem,
346 1199 446 1249 venenu
463 1200 498 1250 ut,
509 1191 573 1255 quod
584 1190 612 1240 in
622 1207 651 1240 eo
662 1206 748 1253 germ
766 1191 893 1240 minimum
903 1200 947 1252 est,

57 1259 83 1309 id
95 1258 201 1309 nume
212 1259 309 1322 probare
319 1258 452 1307 videantur.

91 1389 162 1440 XIV.
179 1387 235 1451 lige
243 1404 305 1449 vero,
312 1397 407 1454 propter
414 1390 531 1439 sermonis
540 1388 728 1449 delectationem,
737 1390 883 1453 tempestivis
890 1405 948 1452 quo·

56 1474 107 1523 que
119 1457 235 1507 conviviis
246 1457 356 1517 dolenter,
364 1473 411 1506 nec
421 1473 477 1506 cum
488 1458 618 1521 equalibus
627 1459 707 1506 solum
722 1457 775 1520 (qui
788 1456 857 1520 peuci
868 1458 948 1506 admo·

55 1526 117 1575 dum
125 1522 284 1591 instanteset
291 1541 347 1573 eum
357 1525 510 1573 vesttaennm
517 1533 591 1584 atate,
600 1534 670 1588 atque
678 1524 812 1572 vobiscum:
825 1524 948 1586 habeoque

56 1592 178 1643 seneemd
194 1606 308 1653 magnum
325 1592 433 1652 gmtiam,
445 1608 497 1654 que
514 1592 575 1641 mihi
591 1591 707 1640 sermonis
719 1590 855 1639 aviditetem
872 1590 948 1649 auxit,

57 1659 164 1724 potionis
174 1666 199 1706 et
210 1658 255 1706 eibi
273 1658 374 1707 sustulit
407 1658 512 1716 Quodsi
524 1675 595 1721 quem
612 1658 684 1707 etiam
701 1657 747 1705 ista
763 1657 888 1715 delectant,
902 1656 947 1720 (ne

56 1726 160 1775 omnino
170 1726 258 1774 bellum
270 1722 385 1774 indixisse
397 1725 477 1774 videar
487 1726 610 1789 voluptati,
621 1726 692 1788 eujus
708 1733 745 1773 eet
761 1724 833 1772 etiam
849 1723 947 1772 fortasse

57 1793 157 1858 quidam
174 1792 288 1841 naturalis
305 1793 403 1858 modus)
416 1808 465 1840 non
483 1793 596 1853 intelligo,
608 1808 640 1841 ne
651 1792 676 1839 iu
688 1791 740 1839 istis
752 1790 848 1854 quidem
865 1792 948 1854 volup-

56 1860 149 1909 tatibus
158 1858 224 1923 ipsis,
236 1875 314 1908 carere
331 1876 403 1908 sensu
413 1867 569 1909 aeneotutem.
602 1859 644 1908 Me
655 1873 710 1906 vero
719 1866 743 1906 et
753 1857 889 1918 magisteria
906 1857 946 1906 de·

57 1927 155 1986 lentant,
167 1944 182 1975 a
193 1926 321 1991 majoribus
337 1927 460 1986 instituta3
478 1934 502 1975 et
518 1926 539 1974 is
554 1941 640 1983 eermo,
652 1924 701 1987 qui,
713 1940 778 1972 more
795 1925 920 1988 majomm,
932 1940 948 1973 a

56 2010 155 2043 summo
166 1993 289 2043 edbibetur
300 1993 326 2042 in
338 1994 444 2057 poculis3
461 2001 486 2042 et
502 1995 594 2057 pocula,
606 1993 669 2041 sieut
680 1992 705 2040 in
718 1999 732 2021 “
741 1991 886 2055 Symposio”
897 1991 947 2040 Xe·

57 2061 196 2124 nophontis,
206 2060 305 2119 minuta,
313 2069 383 2123 etque
392 2060 509 2119 rorentla3
526 2067 551 2108 et
560 2059 704 2121 refrigeratio
712 2066 800 2116 estete,
807 2066 832 2108 et
842 2058 947 2108 vicissim

56 2136 103 2177 aut
113 2129 148 2177 sol
160 2136 201 2177 aut
212 2126 275 2188 ignis
286 2127 414 2175 hibernus:
433 2143 485 2190 quae
497 2128 594 2190 quidem
605 2127 631 2175 in
643 2125 739 2173 Sabinis
750 2126 821 2175 etiem
838 2125 948 2188 persequi

57 2196 132 2254 soleo,
141 2194 324 2256 conviviumque
333 2194 466 2243 vicinorum
477 2194 581 2257 quotidie
593 2193 712 2256 eomple03
730 2194 793 2255 quod
805 2193 834 2241 ad
846 2194 947 2242 multem

57 2269 163 2319 noctem
174 2278 247 2324 quam
259 2260 363 2309 maxime
370 2276 510 2324 possumus,
521 2262 586 2310 vario
597 2275 706 2309 sermone
718 2260 879 2323 producimus.

94 2328 129 2377 Ar
140 2344 189 2377 non
200 2336 237 2377 est
248 2329 396 2391 voluptatum
408 2337 474 2377 tants
486 2329 553 2391 quasi
565 2327 667 2376 titillatio
676 2326 702 2375 in
713 2326 817 2376 senibus.
852 2327 946 2377 Credet

56 2394 103 2445 sed
114 2411 145 2443 ne
156 2394 295 2444 desideratio
306 2393 410 2457 quidem.
444 2394 512 2443 Nihil
525 2403 605 2444 autem
622 2396 757 2453 molestum,
769 2391 832 2458 quod
845 2411 895 2444 non
906 2395 946 2444 de·

57 2460 155 2511 sidetes.
189 2459 256 2511 Bene
277 2461 415 2525 Sophocles,
425 2476 482 2510 eum
499 2479 530 2511 err
547 2479 577 2511 eo
588 2461 693 2526 quidam,
701 2462 753 2526 jam
771 2459 855 2510 affecto
871 2470 947 2521 etate,

58 2536 180 2591 quereret,
196 2534 332 2577 utereturne
354 2531 424 2577 rebus
443 2528 568 2578 venereiel
613 2529 678 2578 “Dii
700 2529 796 2577 medere
804 2525 828 2577 !‘’
852 2529 946 2593 inquit:

56 2595 181 2645 “libenter
198 2611 252 2643 vero
269 2594 347 2655 istinc,
358 2603 480 2659 tamquam
497 2613 512 2644 e
527 2595 624 2645 domino
640 2597 727 2657 agresti
744 2613 772 2645 ee
789 2595 884 2654 limoso,
895 2612 947 2660 pro·

57 2660 136 2722 sugil’
170 2660 272 2726 Cupidie
283 2661 349 2711 enim
366 2677 445 2712 rerum
462 2663 547 2712 talium
558 2664 666 2712 odiosum
679 2672 703 2711 et
714 2665 841 2711 molestum
852 2671 888 2710 est
899 2663 944 2711 fon

57 2737 124 2778 tasse
140 2744 230 2779 carere:
248 2729 339 2777 satiatis
355 2743 411 2778 vero
424 2738 450 2779 et
465 2730 566 2794 expletis
580 2730 712 2795 jucundius
727 2736 764 2778 est
780 2744 947 2792 carere‚quam

57 2795 122 2845 frui:
140 2810 284 2859 qumquam
301 2812 351 2845 non
368 2805 432 2845 earet
442 2796 470 2856 ie,
481 2797 523 2860 qui
540 2814 589 2846 non
605 2797 730 2845 desiderat.
763 2793 829 2856 Ergo
840 2796 886 2844 lroc
897 2812 947 2845 non

58 2860 198 2920 desiderare,
209 2862 263 2911 dieo
273 2879 325 2911 esse
332 2863 472 2928 jucundius,
483 2880 555 2927 quom
567 2863 621 2912 srui.

94 2929 167 2991 Quod
178 2928 199 2979 si
209 2928 261 2980 istis
272 2930 330 2993 ipsis
341 2931 501 2994 voluptatibus
517 2932 580 2979 bona
590 2939 646 2978 retas
663 2928 748 2978 fruitur
759 2928 885 2986 libentium
902 2929 948 2992 pri·

58 3011 128 3047 mum
137 2996 241 3061 parvulis
250 2997 335 3046 fruitur
343 2997 420 3063 rebus,
429 3005 457 3047 ut
464 2997 582 3047 diximus:
600 2997 686 3045 deinde
694 2996 729 3054 iis,
737 2996 823 3058 quibus
830 3005 948 3055 senectus,

57 3063 82 3113 ei
92 3080 143 3113 non
155 3064 249 3113 abunde
261 3064 356 3128 potitur,
368 3081 418 3114 non
435 3065 534 3114 omnino
545 3072 615 3113 earet
648 3062 684 3112 Ut
700 3063 823 3126 Turpione
835 3062 948 3112 Ambivio

58 3130 138 3192 magio
154 3130 340 3194 delectatur,qui
356 3132 382 3180 in
399 3132 476 3196 prime
493 3147 566 3181 eavea
582 3137 686 3195 epectat3
709 3130 836 3178 delectatur
859 3138 947 3189 tamen,

57 3196 133 3247 etiam
153 3198 196 3261 qui
215 3196 241 3246 iu
259 3198 351 3258 ultime,
367 3200 402 3248 sie
419 3198 584 3258 adolescentia,
600 3199 733 3260 voluptates
752 3212 825 3260 prope
842 3196 948 3256 intuens,

58 3265 139 3327 magis
154 3263 252 3314 torrem
269 3266 374 3315 letatur:
392 3265 434 3315 sed
445 3264 573 3316 delectatur
590 3265 662 3313 etiam
679 3272 796 3322 senectus,
807 3264 890 3328 procul
906 3280 948 3313 eas

57 3341 178 3397 spectans,
189 3338 290 3390 tantum,
302 3341 419 3396 quantum
436 3340 473 3381 sat
489 3341 532 3382 est.
566 3333 600 3382 At
610 3331 652 3380 illa
662 3331 746 3393 quanti
756 3339 820 3389 sunt,
832 3329 947 3389 animum,

58 3408 184 3463 tamquam
194 3397 298 3448 emeritis
315 3398 438 3463 stipendiis
449 3398 560 3457 libidinis,
572 3397 714 3457 ambitionis,
726 3396 891 3455 contentionis,
903 3397 947 3445 ini·

58 3465 211 3528 mititiamnr,
219 3465 375 3532 cupiditatum
383 3466 586 3527 omnium,seeum
594 3482 654 3528 esse,
662 3481 789 3521 secumque
800 3464 839 3529 (ut
847 3464 944 3529 dieiurrl
