2054 3946
351 482 422 529 clu.
441 483 479 527 11.
512 483 588 528 CAP.
610 482 685 528 xlv.
899 488 953 544 137

68 593 104 651 1η
126 591 288 650 accusando
309 593 393 649 etiarn
416 592 459 649 M.
476 593 604 664 Aquillin
618 592 652 649 L.
670 592 762 649 Fufii*
778 604 891 667 coanta
913 593 954 649 in-

68 672 180 731 dustria
201 683 253 729 est.
295 672 393 729 Semel
415 673 509 748 igitur,
529 684 576 729 aut
597 692 653 728 non
675 691 751 747 saepc
773 684 858 728 certe.
902 674 952 729 Sin

68 754 134 819 erit,
150 771 202 810 eur
224 752 382 809 faciendum
406 753 443 808 sit
460 753 575 827 saepius,
591 751 754 826 reipublicae
778 753 880 808 tribuat
901 770 955 810 noc

70 833 210 897 muneris,
226 831 308 907 eujus
323 833 455 888 inimicos
471 832 570 889 ulcisci
592 832 709 906 sapius,
726 842 840 888 nonest
862 851 955 906 repre·

71 911 265 968 hendendum.
309 911 414 969 Modus
436 921 529 967 tamen
552 911 633 967 adsit.
676 911 749 967 Duri
772 912 848 966 enirn
864 911 955 968 lronri·

72 992 117 1048 nis
133 992 179 1048 vel
199 992 296 1067 potius
311 992 360 1047 vix
381 991 506 1047 hominis
529 992 648 1056 videtur,
671 990 827 1065 perieulum
853 993 954 1065 capitis

72 1071 176 1127 inferre
191 1070 297 1128 multis.
340 1070 372 1127 ld
382 1088 447 1126 cum
458 1071 651 1144 periculosum
664 1071 719 1144 ipsi
734 1080 785 1134 est,
798 1079 856 1126 tnrrr
870 1072 954 1128 etiarn

72 1149 221 1207 sordidum
245 1149 280 1206 ad
301 1150 416 1214 samam,
444 1151 632 1215 committere,
648 1162 678 1205 ut
699 1161 844 1205 aecusator
865 1152 956 1207 norni-

73 1248 160 1286 nere:
184 1229 261 1300 quod
282 1229 401 1304 contigit
422 1229 465 1286 M.
482 1229 596 1296 Brut0‚†
619 1247 731 1285 summo
753 1249 856 1303 genere
879 1241 954 1296 nato,

73 1309 149 1366 illins
163 1308 232 1376 filio,
247 1309 296 1381 qui
307 1310 381 1385 juris
396 1309 489 1366 civilis
504 1311 533 1365 in
549 1309 649 1383 primis
665 1310 771 1382 peritus
788 1309 848 1365 luit.

112 1391 207 1461 Atque
221 1389 307 1445 etiam
321 1389 376 1445 lroc
399 1399 571 1463 praeceptum
593 1388 681 1444 orlieii
696 1388 846 1462 diligenter
861 1400 956 1445 tenen·

73 1466 142 1525 dum
157 1478 210 1535 est,
225 1487 261 1524 ne
277 1487 361 1539 quem
376 1487 511 1538 umquam
527 1472 707 1524 innocentem
724 1467 864 1545 [judicio]
881 1471 956 1544 capi·

75 1548 109 1604 tis
131 1567 277 1605 arcessas:
307 1547 336 1603 id
365 1548 440 1604 enirn
471 1548 533 1603 sinc
555 1548 662 1603 scelere
684 1547 745 1603 fieri
768 1548 844 1603 nullo
873 1562 956 1622 pacto

74 1636 178 1703 potest.
222 1627 297 1684 Nam
322 1626 391 1698 quid
416 1636 460 1683 est
484 1638 540 1683 tam
565 1628 763 1692 inhumanum,
788 1647 873 1698 quam
898 1630 956 1684 elo·

74 1708 230 1779 quendam,
247 1716 375 1762 enatura
390 1705 423 1761 ad
445 1707 564 1762 salutern
587 1707 736 1762 hominnm
752 1718 779 1761 et
794 1706 828 1761 ad
843 1727 957 1764 conser-

74 1787 217 1843 vationem
245 1785 349 1852 datam,
375 1785 411 1842 ad
437 1788 576 1843 bonorum
605 1797 714 1861 pestem
743 1788 956 1860 perniciemque

74 1867 264 1922 converteret
306 1866 370 1922 Nec
393 1877 496 1931 tamen,
512 1877 543 1921 ut
561 1865 616 1921 hoc
632 1864 798 1938 fugiendum
819 1877 871 1930 est,
888 1867 956 1922 item

74 1957 118 2002 est
132 1945 295 2002 habendum
311 1946 453 2020 religioni,
470 1958 617 2002 nocentem
641 1944 803 2015 aliquando,
821 1945 956 2002 modone

74 2025 215 2082 nefarium
236 2025 414 2100 impiumque
429 2024 588 2080 defendere.
632 2024 702 2079 Vult
723 2025 778 2080 hoc
794 2024 955 2092 multitude,

74 2105 180 2180 patitur
194 2104 380 2169 consuetudo,
396 2105 449 2160 fert
462 2105 545 2160 etiarn
563 2104 733 2160 humanitus.
776 2103 886 2161 Judicis
902 2116 955 2172 est,

75 2203 191 2258 semper
206 2185 235 2240 in
250 2184 343 2240 causis
359 2203 457 2240 verum
471 2185 570 2254 sequi:
594 2185 715 2258 patroni,
732 2203 788 2240 non
812 2204 955 2256 nunqnam

74 2265 136 2320 veri
149 2264 254 2329 simile,
265 2265 350 2320 etiam
365 2265 390 2319 si
404 2264 498 2319 minus
510 2265 548 2318 sit
558 2282 663 2326 verum,
678 2263 829 2320 defendere
841 2269 866 2338 :ss
881 2264 957 2336 qnod

109 2379 122 2406 ⁴¹
135 2376 162 2419 L.
174 2376 248 2432 Fufii.
289 2377 323 2419 M.
336 2373 462 2426 Aquillius.
480 2373 600 2428 colleague
619 2374 647 2416 of
666 2376 691 2418 C.
704 2375 795 2418 Marius
813 2377 836 2418 in
852 2376 888 2418 liis
906 2375 957 2419 lllllr

76 2430 207 2472 consulate.
242 2430 278 2472 lle
291 2441 339 2470 was
351 2427 472 2470 afterward
485 2430 539 2470 sent
552 2441 577 2470 as
590 2429 716 2481 proconsul
728 2434 752 2472 to
768 2429 846 2482 Sicily.
881 2431 909 2472 In
918 2431 958 2473 the

76 2494 134 2537 year
145 2482 275 2534 following,
287 2480 357 2535 being
374 2481 475 2524 aecnsed
488 2480 515 2522 ol
527 2480 616 2534 bribery
630 2480 660 2535 by
674 2484 700 2526 L.
714 2482 794 2525 nunus
806 2484 916 2536 Calenus,
929 2483 958 2526 lrc

76 2548 127 2633 elpes
151 2535 267 2632 defifirpdcd
291 2534 321 2589 by
345 2535 385 2577 the
406 2535 520 2588 eloquent
539 2536 574 2578 M.
593 2535 719 2578 Antonius.
754 2537 789 2579 De
812 2538 958 2580 (trutedt.

98 2593 174 2632 rute.
203 2602 224 2632 ·.

109 2645 122 2685 †
134 2643 169 2685 M.
181 2642 260 2686 Berlin.
294 2642 327 2685 M.
338 2639 427 2684 Junins
445 2641 538 2691 Brutus,
551 2639 589 2684 the
602 2638 715 2684 tetherus
727 2643 760 2685 Μ.
772 2644 857 2686 Brutus
870 2642 956 2686 named

77 2695 100 2738 ln
114 2695 153 2738 the
165 2700 220 2748 text,
233 2693 359 2749 composed
379 2705 444 2736 some
455 2693 528 2736 books
540 2706 570 2736 on
583 2693 622 2737 the
635 2695 766 2749 municipal
778 2697 823 2738 law
835 2697 862 2738 ol
877 2697 958 2740 Rome.

76 2749 129 2792 The
140 2761 184 2791 son
197 2761 245 2791 was
256 2761 287 2790 on
307 2753 376 2790 terme
388 2747 416 2789 of
429 2746 520 2800 enmlty
532 2745 589 2790 willr
607 2749 634 2793 L.
647 2749 752 2800 Crassus,
765 2750 802 2790 the
814 2755 897 2799 oraim,
911 2749 958 2792 end

76 2814 126 2899 pas
137 2814 151 2845 a
163 2801 271 2856 frequent
282 2812 391 2854 accusem
404 2812 490 2854 among
502 2800 585 2854 others,
595 2802 622 2845 of
630 2803 664 2846 M.
677 2803 785 2854 Scaurus,
795 2802 834 2844 tire
847 2803 959 2856 Princeps

93 2858 184 2898 erratus.

110 2906 402 2962 ssPutroni—drfendere.
436 2907 472 2950 To
484 2919 576 2950 answer
593 2907 631 2951 tiro
650 2919 766 2962 purposes
778 2907 806 2949 of
819 2907 959 2950 substantial

75 2959 166 3024 iustiore,
178 2960 195 3003 it
206 2961 226 3003 is
236 2962 259 3004 in
273 2962 303 3003 all
315 2972 381 3003 cases
392 2971 517 3013 necessary
524 2960 573 3004 that
582 2961 620 3004 the
629 2959 703 3016 judge
715 2960 798 3003 should
811 2959 868 3003 lrnve
878 2960 958 3004 belore

77 3014 124 3056 uim
142 3026 157 3055 a
174 3015 290 3069 complete
309 3017 436 3056 statement
446 3013 474 3055 ol
487 3012 525 3056 the
544 3017 627 3056 matter
646 3014 670 3056 in
690 3013 787 3056 debatc:
805 3013 828 3055 in
849 3014 916 3056 order
934 3019 958 3056 tn

75 3079 175 3162 prepare
198 3067 221 3116 it,
239 3067 389 3120 irnpartiality
408 3065 511 3162 requires
532 3067 582 3110 that
595 3067 659 3128 ‚naen
680 3066 774 3128 litigant
793 3072 862 3120 party
874 3067 958 3111 should

75 3119 959 3227 ..ttttttltttlttlttddtltlt.tnt‘fttttdtrtltlct‘litent

76 3226 174 3277 formed,
184 3226 201 3269 it
213 3226 232 3268 is
243 3226 300 3269 tiron
312 3226 348 3268 lris
360 3226 418 3278 duty
429 3230 452 3268 to
464 3225 544 3268 decide
554 3237 585 3267 on
595 3226 672 3268 wirictr
686 3225 735 3266 side
745 3225 830 3278 justice
842 3226 898 3269 lies:
911 3226 958 3278 but,

74 3278 99 3322 in
112 3279 153 3322 tire
166 3291 234 3322 mean
249 3279 311 3324 time.
324 3291 356 3321 no
368 3279 444 3321 blame
456 3291 500 3322 can
514 3278 589 3333 justly
601 3279 629 3320 bo
641 3279 748 3330 imputed
759 3283 784 3319 to
796 3278 833 3321 the
846 3279 958 3323 advocate

74 3332 129 3375 who
141 3333 205 3382 rives
216 3336 239 3375 to
251 3332 325 3375 either·
334 3337 403 3387 party
413 3332 451 3374 tire
464 3343 588 3384 necessary
598 3331 636 3373 nid
649 3336 671 3373 tu
683 3330 749 3379 brine
759 3330 794 3373 liis
804 3332 882 3376 snitto
893 3346 905 3375 rr
916 3333 959 3376 sair

73 3385 193 3429 decision:
212 3385 258 3428 and
271 3385 289 3428 it
304 3385 324 3429 is
335 3384 499 3431 coninundine
519 3384 555 3426 liis
567 3384 635 3428 otlice
649 3383 705 3426 witn
723 3384 773 3426 tirnt
785 3385 812 3428 of
825 3387 863 3430 tiro
877 3386 959 3440 judee,

76 3444 99 3482 to
110 3440 156 3482 call
167 3450 199 3481 on
212 3438 251 3480 tlre
269 3439 380 3482 advocate
392 3442 417 3481 to
435 3436 515 3481 decide
527 3449 558 3479 on
579 3437 617 3480 the
636 3436 723 3490 merite,
735 3438 814 3482 initur
826 3439 864 3484 the
881 3439 928 3484 suit
940 3440 959 3484 is

72 3497 114 3545 yet
124 3493 150 3535 in
160 3504 276 3546 progressu

495 3552 551 3608 12*
