2054 3946
343 486 414 532 ms.
431 485 449 530 1.
482 485 659 531 caaxvrr
916 492 951 545 51

69 595 169 656 eadem
185 595 289 652 habere
305 605 489 652 monumenta
502 595 653 672 majorum,
670 593 777 652 eisdem
798 600 840 652 uti
855 595 953 662 sacris,

69 676 202 752 sepulcra
215 674 319 731 habere
335 676 508 732 eommunia.

108 754 170 814 Sed
185 754 314 811 omnium
328 755 497 811 societatum
511 754 590 810 nulla
604 754 782 830 praestantior
802 764 855 820 est,
877 754 955 811 nulla

69 835 190 901 firmior,
207 852 292 906 quam
307 852 371 890 eum
388 835 441 891 viri
455 834 534 900 boni,
550 834 677 890 moribus
692 834 812 900 similes,
836 845 902 890 sunt
915 833 929 890 s
943 864 955 877 -

69 914 234 973 miliaritate
246 913 401 988 conjuncti.
436 913 511 970 Illud
520 914 597 970 enim
607 913 760 970 honestum
777 912 866 991 (quod
878 932 954 989 saepe

69 990 208 1070 dicimus)
225 992 309 1049 etiam
325 993 351 1049 si
365 993 395 1049 in
410 993 466 1050 alio
488 993 641 1060 cernimus,
657 1004 752 1064 tamen
773 1011 826 1048 nos
848 1003 953 1061 movet,

70 1083 157 1145 atque
172 1072 224 1138 illi,
239 1072 269 1128 in
284 1090 341 1144 quo
357 1071 387 1129 id
399 1073 494 1130 inesse
509 1071 628 1138 videtur,
644 1074 751 1129 amicos
765 1072 841 1128 saeit.

110 1152 153 1210 Et
166 1170 340 1224 quamquam
355 1152 449 1208 omnis
464 1151 551 1208 virtus
564 1170 617 1208 nos
628 1151 664 1208 ad
675 1170 707 1208 se
719 1152 807 1209 allicit
821 1151 953 1223 facitque,

70 1239 104 1289 ut
113 1249 165 1289 eos
180 1231 343 1306 diligamus,
354 1231 384 1288 in
399 1232 502 1302 quibus
518 1232 580 1305 ipsa
593 1232 688 1288 inesse
700 1231 844 1288 videatur:
861 1242 955 1289 tamen

75 1311 200 1388 justitia,
216 1320 245 1367 et
259 1311 412 1367 liberalitas
426 1310 455 1367 id
471 1310 595 1367 maxime
617 1309 713 1367 efficit.
757 1310 840 1367 Nihil
862 1321 955 1368 autern

72 1400 118 1447 est
130 1389 291 1456 amabilius,
305 1408 359 1446 nec
370 1390 558 1466 copulatius*
575 1408 659 1461 quam
674 1408 783 1446 morum
799 1389 956 1447 similitudo

71 1471 224 1528 bonorum.
267 1469 301 1526 In
316 1469 418 1540 quibus
434 1471 510 1526 enim
525 1469 625 1526 eadem
645 1468 739 1524 studia
759 1478 834 1535 sunt,
848 1469 956 1526 eaedem

72 1549 244 1616 voluntates,
260 1549 289 1605 in
304 1548 403 1619 hisfit,
417 1560 449 1606 ut
459 1567 540 1620 aeque
554 1549 675 1620 quisque
691 1548 777 1605 altero
792 1549 955 1615 delectetur,

74 1647 107 1686 ac
128 1647 161 1686 se
182 1629 268 1704 ipso:
290 1627 468 1700 efficiturque
490 1627 528 1694 id,
545 1626 621 1699 quod
643 1628 836 1704 Pythagorasl
850 1629 956 1685 vultin

73 1708 210 1774 amieilia,
226 1716 258 1764 ut
276 1726 350 1763 unus
371 1708 421 1764 fiat
441 1727 478 1764 ex
498 1708 636 1782 pluribus.
679 1708 787 1782 Magna
808 1708 892 1764 etiam
907 1707 957 1764 illa

73 1787 264 1844 communitas
280 1796 332 1853 est,
349 1805 412 1858 quae
428 1788 577 1844 conficitur
588 1805 625 1842 ex
638 1786 785 1843 benefieiis
800 1787 873 1842 ultro
887 1788 957 1843 citro

73 1865 149 1922 datis
171 1865 364 1941 acceptisque..
387 1885 449 1937 quae
470 1876 499 1922 et
520 1875 627 1932 mutua,
646 1876 675 1922 et
695 1876 772 1942 grata
793 1865 859 1922 dum
881 1877 956 1932 sunt,

74 1945 150 2002 inter
163 1963 236 2016 quos
251 1965 284 2002 ea
298 1954 373 2013 sunt,
390 1947 473 2003 firma
485 1945 699 2019 devinciunturh
712 1947 856 2002 societate.

114 2023 175 2081 Sed
190 2043 255 2082 cum
270 2027 367 2082 omnia
385 2026 494 2082 ratione
509 2025 661 2096 animoque
675 2025 813 2091 lustraris‚
829 2024 957 2082 omnium

74 2105 246 2162 societatum
270 2105 349 2161 nulla
368 2115 412 2162 est
433 2105 554 2180 gravior,
578 2106 655 2161 nulla
679 2106 779 2171 carior,
806 2124 891 2176 quam
913 2123 956 2171 ea,

73 2202 139 2255 quae
155 2202 220 2240 eum
234 2185 379 2259 republica
394 2197 437 2240 est
456 2185 610 2255 unicuique
625 2196 764 2241 nostrum.
809 2185 877 2242 Cari
892 2193 959 2241 sunt

73 2275 219 2338 parentes,
235 2264 292 2319 cari
306 2264 398 2330 liberi,
414 2265 577 2339 propinqui,
593 2261 746 2321 familiares
762 2284 769 2321 :
791 2263 842 2321 sed
857 2282 957 2321 omnes

74 2343 206 2399 omnium
229 2343 358 2399 caritates
382 2343 472 2419 patria
491 2362 548 2400 una
571 2345 722 2418 complexa
743 2355 804 2402 est:
827 2363 879 2420 pro
902 2362 959 2414 qua

75 2421 141 2493 quis
155 2422 247 2478 bonus
269 2421 378 2479 dubitet
397 2432 517 2479 mortem
540 2435 685 2498 oppetere,
701 2425 725 2480 si
740 2425 766 2480 ei
782 2426 819 2480 sit
833 2423 958 2498 profutu-

75 2501 146 2557 rusl
188 2501 321 2567 Quo'est
339 2501 543 2558 detestabilitor
565 2503 684 2560 istorum
710 2503 881 2570 immanitas
908 2502 957 2575 qui

110 2672 125 2701 *
137 2669 278 2724 Copuluilus.
313 2671 406 2734 Pessiye
424 2672 559 2735 participles
576 2686 615 2718 are
633 2675 766 2719 sometimes
788 2675 914 2730 employed
931 2675 958 2719 in

75 2721 115 2766 tlte
128 2723 237 2784 senselof
249 2723 287 2766 the
300 2724 328 2768 ad
340 2729 427 2786 eetrves
438 2738 461 2769 m
475 2727 529 2770 belm
537 2744 545 2769 :
558 2740 583 2770 as
601 2730 615 2752 “
624 2728 681 2780 Quae
691 2730 755 2772 enim
766 2741 812 2771 vox
823 2733 958 2784 potestesse

76 2779 171 2820 contem
191 2780 317 2839 trorquam
357 2779 588 2842 rlpnilsCrotonitest'
622 2782 773 2839 CatoMejor.
786 2783 807 2844 9:
841 2784 958 2844 Accersas,

75 2839 159 2943 illei?
181 2841 217 2925 lli
230 2830 959 2942 &littletlt‘ttehhhhhhhh{thlt,tileth

74 2946 174 2997 passive¹
185 2936 245 2990 perf.
254 2940 331 2998 part:
350 2933 457 2992 Heyne‘s
475 2940 570 2992 Homer,
588 2940 635 2984 xiv.
655 2941 705 2987 196.
718 2943 756 2987 6th
769 2944 813 2984 vol.
826 2941 878 2984 565.
911 2943 958 2985 For

75 2989 214 3086 fflgmtue,
232 2989 322 3046 B1shop
340 2991 425 3035 Pearce
443 3004 560 3048 approves
578 2995 736 3050 copulabiles,
758 2995 832 3039 found
849 2994 874 3036 in
893 3007 958 3038 some

129 3093 160 3156 ΙΡ
178 3093 217 3140 tlte
236 3104 298 3156 orer.
327 3096 402 3157 'Confi
420 3097 454 3140 De
472 3098 545 3152 Legg.
562 3098 577 3160 i.
591 3100 626 3144 12.
661 3101 712 3145 The
727 3114 792 3145 same
807 3098 959 3155 philosopher

74 3158 100 3191 re
128 3159 159 3210 re¹
178 3152 223 3191 tot
240 3161 289 3191 em
309 3149 636 3214 urry,Whatwusesrrepdl
671 3153 808 3207 'Allostpoh
845 3152 894 3196 The
904 3154 959 3198 verb

75 3201 133 3245 vele
153 3213 173 3244 rs
190 3201 224 3244 fre
243 3213 288 3263 uen
309 3203 462 3257 yemployed
480 3215 505 3247 m
521 3205 634 3268 dellnmg‚
651 3218 671 3249 c.
688 3208 725 3257 27,
744 3205 871 3260 urstisium
887 3208 917 3268 pe
934 3207 959 3252 ie

75 3253 392 3351 ffifflzspgpp'tfiemTpsc
405 3257 433 3310 Q.
450 3259 472 3310 4,
491 3259 798 3314 “opinationem—volunt
815 3272 867 3303 esse
886 3261 959 3306 imbe-

81 3360 324 3460 mbrlbbvrlblwmur'
359 3361 482 3408 Subintetl.
492 3363 625 3410 uti-those
643 3376 739 3420 persam
751 3377 792 3412 are
808 3366 891 3414 uttlicd
903 3368 959 3424 buu
