2054 3946
83 191 137 245 184
390 182 437 229 oa
461 183 647 231 osr1crrs.

81 293 148 370 lega
165 292 276 350 Brutus·
292 292 442 368 imperium
463 294 623 369 abrogabat,
638 300 752 369 poterat
764 291 857 349 videri
870 292 952 349 faeere

82 376 194 449 injuste.
237 372 342 429 Fuerat
361 372 437 429 enim
459 373 489 429 in
510 373 624 448 regibus
652 372 848 448 expellendis,
868 372 954 429 socius
1004 414 1006 427 .

84 453 173 516 Bruti,
189 451 373 507 consiliorum
387 463 416 506 et
435 451 555 527 adjutor.
597 450 674 508 Cum
700 461 797 507 autem
812 451 955 508 consilium
1004 456 1006 463 '

82 533 136 590 hoc
151 531 294 606 principes
312 531 464 605 cepissent,
478 530 676 605 cognationem
698 530 835 606 Superbi,
850 548 957 587 nornen·
1003 544 1006 591 t

83 631 137 684 que
154 610 376 679 Tarquiniorum
390 618 419 664 et
436 610 600 666 memoriam
616 610 696 685 regni
710 629 777 666 esse
792 609 956 667 tollendam:
1004 606 1006 613 '

84 689 159 762 quod
172 698 232 743 erat
243 688 322 753 utile,
338 689 434 762 patriae
455 688 613 755 consulere,
629 689 658 745 id
672 700 733 746 erat
747 690 787 746 ita
801 690 956 753 honestum,
1004 686 1006 699 '

83 781 114 826 ut
127 769 212 824 etiam
227 768 282 842 ipsi
296 768 439 824 Collatino
454 768 565 842 plaeere
579 767 703 825 deberet.
746 768 850 840 Itaque
861 768 958 825 utilitas
1003 794 1006 837 2

84 848 171 905 valuit
191 858 306 921 propter
320 847 508 913 honestatem,
522 847 585 903 siue
599 866 655 919 qua
669 866 705 903 ue
721 848 830 905 utilitas
852 846 957 921 quidem
1004 852 1006 865 '

84 946 148 984 esse
162 927 312 1001 potuisset.

123 1006 254 1062 mineo
276 1024 351 1080 rege,
367 1005 416 1076 qui
430 1005 528 1061 urbem
549 1004 684 1072 condidit,
701 1024 760 1063 non
776 1005 856 1063 item.
898 1006 959 1081 spe·
1004 1014 1006 1053 !

86 1087 143 1143 cies
154 1085 230 1141 enim
245 1085 373 1141 utilitatis
387 1085 513 1141 animrrm
523 1085 633 1159 pepulit
641 1085 702 1160 ejus
714 1104 721 1141 :
737 1086 864 1142 cuicum
876 1086 959 1141 visum
1004 1082 1006 1129 ἶ

85 1175 161 1221 esset
175 1165 281 1229 utilius,
297 1164 400 1230 solum,
415 1182 500 1235 quam
515 1182 579 1220 eum
601 1164 688 1220 altero
709 1183 840 1240 regnare,
855 1164 958 1221 fratrem

85 1244 237 1301 interemit.
281 1243 387 1299 Omisit
401 1244 447 1299 hie
460 1254 489 1298 et
502 1244 647 1317 pietatem,
662 1252 690 1299 ct
704 1242 921 1309 humanitatem,
934 1254 961 1299 ut

84 1324 124 1390 id,
140 1322 216 1395 quod
231 1322 299 1379 utile
315 1322 467 1388 videbatur,
484 1340 576 1394 neque
591 1333 658 1387 erat,
673 1322 789 1394 assequi
804 1331 918 1397 posset:
937 1332 962 1379 et

85 1415 179 1459 tamen
195 1402 283 1458 muri*
301 1421 414 1457 eausam
436 1402 581 1476 opposuit,
596 1401 722 1476 speciem
748 1394 906 1459 honestatis
919 1418 961 1459 ue·

85 1502 141 1554 que
162 1481 347 1558 probabilem,
369 1499 422 1537 nee
443 1500 510 1537 sane
532 1480 673 1537 idoneam.
716 1480 854 1539 Peccavit
873 1480 960 1557 igitur,

85 1581 155 1638 paee
170 1562 216 1617 vel
231 1560 368 1627 Quirini,†
383 1560 426 1616 vel
442 1560 568 1625 Romuli,
583 1559 716 1616 dixerim.

126 1641 190 1698 Nec
205 1651 298 1696 tamen
323 1650 425 1697 nostrae
451 1641 533 1695 nobis
548 1640 681 1695 utilitates
702 1638 870 1697 omittendae
891 1649 962 1705 suut,

86 1722 207 1792 aliisque
235 1718 385 1784 tradenda,
408 1738 472 1774 eum
499 1719 544 1774 his
572 1718 626 1793 ipsi
653 1737 808 1793 egeamus;
838 1718 889 1775 aed
910 1736 963 1777 sue

87 1801 189 1872 cuique
203 1800 327 1865 utilitati,
343 1798 418 1871 quod
440 1798 502 1854 sine
517 1798 631 1854 alterius
652 1798 756 1873 injuria
770 1798 829 1864 fiat,
845 1798 964 1855 servien-

86 1879 154 1936 dum
170 1888 222 1934 est.
265 1878 341 1934 Seite
355 1878 607 1952 Chrysippusssut
622 1878 718 1933 multa.
761 1878 820 1942 Qui
835 1876 964 1943 stadium,

87 1959 189 2028 inquit,
205 1958 301 2023 currit,
317 1958 385 2014 eniti
400 1970 428 2013 et
442 1956 611 2013 contendere
629 1955 721 2022 debet,
737 1974 825 2028 quam
844 1958 965 2015 maxime

87 2037 188 2113 possit,
203 2049 234 2093 ut
247 2038 360 2093 vincat:
383 2037 563 2111 supplantare
586 2054 661 2101 eum,
677 2036 793 2107 quicum
809 2048 909 2101 certet,
923 2044 967 2093 aut

88 2135 173 2173 manu
195 2116 347 2192 depellere,
367 2117 444 2173 nullo
466 2115 551 2172 modo
576 2114 667 2171 debet.
710 2115 761 2171 Sic
784 2117 815 2173 iu
838 2118 896 2173 vita
915 2116 966 2173 sibi

89 2214 231 2267 quemque
246 2209 351 2270 petere,
365 2195 440 2266 quod
455 2197 593 2269 pertineat
607 2194 642 2251 ad
655 2213 748 2262 usum,
765 2214 825 2252 non
840 2196 966 2269 iniquum

88 2287 152 2331 est:
175 2276 254 2330 alteri
269 2274 407 2349 deripere,
419 2276 467 2350 jus
483 2283 605 2331 nonest.

129 2354 258 2411 Maxime
287 2365 379 2409 autem
407 2355 604 2428 perturbantur
631 2352 734 2419 officia,
758 2354 789 2409 in
814 2354 965 2411 amicitiis:

90 2434 192 2506 quibus
206 2446 234 2489 et
254 2452 311 2488 non
333 2434 463 2497 tribuere,
479 2433 555 2503 quod
569 2442 643 2489 reete
665 2433 771 2508 possis,
786 2444 817 2490 et
838 2434 966 2497 tribuere,

89 2512 167 2586 quod
180 2531 236 2569 non
251 2513 288 2567 sit
302 2531 424 2583 aequum,
441 2524 537 2569 contra
558 2512 683 2569 officium
706 2522 759 2569 est.
803 2512 864 2569 Sed
887 2514 967 2589 hujus

89 2658 137 2702 and
148 2659 186 2702 57.
220 2655 320 2703 Thounh
333 2656 369 2698 his
385 2656 504 2699 exertiores
522 2656 547 2700 in
559 2656 598 2699 the
616 2656 741 2751 expulsion
754 2657 783 2700 of
795 2658 838 2701 tho
852 2658 969 2714 Torquim

89 2712 135 2755 had
149 2712 206 2754 been
217 2710 311 2763 equally
324 2710 470 2753 meritorious
484 2709 539 2752 with
553 2710 644 2753 thosco

89 2765 135 2809 had
144 2763 203 2807 been
215 2762 297 2806 united
310 2763 334 2805 in
348 2763 386 2806 the
397 2763 445 2805 first
457 2763 585 2813 consulate,
593 2762 774 2823 yetsuspieions
782 2776 858 2817 arose,
870 2762 972 2810 founded

89 2819 177 2880 merely
190 2829 221 2878 on
234 2816 269 2859 his
281 2816 416 2879 connexion
428 2816 484 2859 with
496 2815 535 2858 the
547 2815 731 2878 exiled-familffi
751 2829 765 2858 a
776 2817 824 2860 law
836 2819 923 2872 passed
934 2818 969 2879 de·

89 2883 183 2968 {limiti
195 2870 284 2965 prrrnlpp
290 2869 328 2964 bnt}
338 2868 532 2976 pptppgTaanrglplpl
540 2869 679 2976 ldalbilllwen
690 2873 743 2912 rnto
754 2869 909 2915 banishment
917 2870 968 2915 with

116 2937 192 2967 eoo
227 2938 239 2966 e
283 2938 288 2962 t
316 2954 319 2962 .
629 2953 635 2966 .

120 2976 221 3021 *Muri
255 2977 284 3019 T.
297 2975 347 3020 Liv.
359 2975 373 3018 i.
385 2977 407 3019 7.

673 2712 766 2761 Brutus,
779 2710 839 2754 with
852 2713 932 2756 whom
943 2712 968 2754 ho

122 3031 137 3083 †
150 3029 252 3081 Quirini.
286 3031 307 3071 A
321 3033 399 3071 covert
415 3027 523 3078 allusion,
536 3026 645 3081 perhaps,
658 3031 682 3070 to
698 3027 734 3070 his
752 3029 906 3087 deification3
923 3036 969 3075 not·

89 3082 260 3131 withstnndiuu
273 3081 356 3133 which,
370 3081 405 3122 his
416 3082 519 3123 conduct
531 3080 550 3122 is
560 3081 675 3124 censured
688 3094 714 3123 as
726 3083 844 3128 criminal.

120 3138 133 3185 ξ
149 3135 299 3189 Obmtt'ppur.
334 3137 354 3178 Α
366 3134 443 3177 tendor
455 3134 482 3175 of
495 3133 533 3175 the
550 3133 631 3185 Stoica,
645 3133 705 3176 third
719 3135 743 3177 in
761 3138 899 3184 suecesaion
914 3138 970 3184 frore

81 3187 156 3233 Zeno.
193 3189 238 3233 His
251 3188 329 3233 rvorks
339 3201 403 3233 were
415 3198 554 3232 numerous.
587 3186 840 3240 hisuthaermnh.

67 3282 99 3352 Ι
