2054 3946
100 204 159 257 220
415 196 465 242 os
489 196 677 243 orrrcrrs.

100 309 242 383 promissa
264 326 320 363 uon
342 305 487 364 iacienda*
508 325 736 379 nonnunquam
760 326 854 379 neque
873 325 968 385 semper

101 387 231 463 deposita
244 386 396 443 reddenda.
425 386 457 443 Si
469 386 593 462 gladium
607 387 671 459 quis
684 384 761 463 apud
775 396 802 443 te
813 406 883 445 sana
894 402 969 445 mente

101 467 274 541 deposuerit,
298 476 405 541 repetat
426 466 589 532 insaniens3
617 465 737 523 reddere
759 478 907 542 peccatum
924 466 970 531 sits

101 546 237 612 officium,
253 564 309 602 non
331 545 457 602 reddere.
501 545 587 612 Quid,
601 546 675 612 siis,
692 546 742 618 qui
763 546 841 622 apud
862 558 888 604 te
902 564 972 623 pecu·

100 627 177 683 uiam
194 626 367 700 deposuerit,
381 625 486 681 bellum
508 625 611 683 inserat
624 626 733 701 patrioe,
746 626 889 683 reddasne
901 626 973 703 depo·

101 706 208 761 situm?
240 704 424 770 Nomcredo.
459 704 760 761 Faciaseuimcontra
771 706 972 781 rempublicam,

101 804 163 855 quae
179 783 262 839 debet
276 802 340 839 esse
355 784 511 841 carissima.
555 784 604 841 Sic
619 785 715 851 multa,
726 803 791 857 quae
807 784 973 841 honestane-
1014 810 1017 851 t

102 876 163 920 tura
179 862 308 919 videntur
321 882 395 928 esse,
411 864 587 939 temporibus
601 863 673 920 fiunt
688 883 746 920 nou
761 863 893 921 honesta.
930 864 973 923 Fr·
1015 856 1017 869 '

100 962 163 1000 cere
180 943 331 1017 promissa,
347 953 421 999 stare
443 943 602 1010 conventis,
615 941 733 999 reddere
755 942 897 1019 deposita,
911 961 974 1001 eunt·

99 1034 205 1079 mutata
220 1022 349 1088 utilitate,
364 1022 436 1079 fiunt
450 1040 507 1079 non
527 1022 657 1079 honesta.
699 1022 744 1079 Ae
759 1021 795 1079 de
811 1023 847 1079 iis
862 1022 973 1095 quiden,

100 1121 163 1174 quae
173 1101 303 1158 videntur
311 1120 375 1158 esse
388 1101 521 1159 utilitates
535 1112 633 1158 contra
641 1101 795 1178 justitiam,
806 1102 975 1159 simulatione

100 1180 268 1257 prudentiae,
281 1182 350 1237 satis
366 1182 484 1238 arbitror
498 1180 616 1237 dictum.

139 1260 197 1317 Sed
221 1261 355 1332 quoniam
377 1280 393 1317 a
414 1272 534 1332 quatuor
561 1260 686 1317 lontibus
711 1259 873 1317 honestatis
895 1260 975 1336 primo

99 1339 171 1397 libro
186 1340 281 1397 officia
294 1339 439 1407 duximus,
455 1341 485 1397 in
499 1338 608 1397 eisdem
623 1340 811 1407 versabimur,
827 1359 893 1397 cum
905 1339 976 1397 doet-

99 1420 204 1486 bimus,
220 1439 263 1486 ea,
278 1438 341 1490 quae
356 1419 487 1476 videntur
507 1438 572 1475 esse
586 1419 676 1486 utilia,
692 1436 786 1491 neque
809 1430 887 1487 sunt,
901 1436 975 1492 quan

99 1500 157 1556 sint
177 1500 287 1556 virtutis
308 1500 434 1556 inimica.
476 1500 518 1555 Ac
538 1498 574 1555 de
593 1498 743 1573 prudentia
756 1498 887 1570 quidem,
903 1516 977 1571 quau

99 1580 159 1636 vult
179 1579 282 1636 imitari
303 1578 427 1644 malitia;
450 1579 575 1651 itemque
597 1577 632 1634 de
649 1578 771 1655 justitia,
787 1597 853 1650 quae
875 1594 977 1654 semper

98 1668 143 1715 cst
163 1659 252 1725 utilis,
267 1657 441 1733 disputatum
464 1669 518 1714 est.
569 1657 693 1730 Reliqua
714 1667 783 1713 sunt
804 1657 869 1714 duoe
894 1666 976 1734 partes

98 1737 267 1805 honestatis,
282 1756 401 1810 quarum
423 1737 509 1793 altera
524 1737 553 1794 in
574 1737 661 1793 animi
682 1737 854 1794 excellentis
881 1736 977 1813 magui·

97 1816 195 1874 tudine
217 1828 245 1874 et
265 1817 428 1893 prestantia
451 1816 585 1882 cernitur,
601 1816 688 1873 altera
708 1817 737 1873 in
759 1816 977 1875 conformatione

97 1906 127 1951 et
141 1896 334 1954 moderatione
349 1897 531 1954 continentiae
546 1907 574 1952 et
587 1896 793 1972 temperantiae.

99 2053 189 2112 CAP.
209 2056 320 2113 XXVI.
356 2054 539 2133 Exemplum
566 2054 684 2134 Utprrta
710 2055 834 2115 adducit
864 2057 976 2126 Cicerot

170 2152 262 2211 quum
277 2135 432 2193 honestum
447 2154 507 2193 non
522 2135 571 2203 sit,
588 2154 640 2194 nec
653 2134 726 2193 utile
740 2154 802 2193 esre
810 2155 912 2214 posse.

136 2244 236 2303 Urina
258 2246 405 2303 videbatur
418 2247 528 2313 'Ulissi
545 2257 576 2304 ut
597 2246 711 2319 quidem
727 2246 858 2326 [poete]
873 2246 978 2327 tragieli

97 2325 302 2400 prodiderunt:
325 2346 390 2383 nam
405 2326 479 2401 apud
495 2327 666 2392 Homerum,
678 2328 818 2402 optimum
829 2340 978 2393 auctorem,

96 2405 160 2463 talis
182 2406 216 2462 de
233 2407 329 2464 Ulisse
351 2406 428 2463 nulla
449 2407 575 2482 suspicio
591 2416 643 2472 est,
659 2406 710 2463 sed
731 2407 901 2464 insimulant
919 2424 978 2465 eum

96 2486 249 2562 tragoediae,
271 2486 452 2543 simulatione
478 2487 606 2552 insauiae,
626 2486 762 2542 malitiam
789 2488 980 2563 subterfugere

99 2567 232 2623 voluisse.
276 2567 344 2623 Non
365 2565 517 2623 honestum
539 2566 701 2622 eonsilium.
743 2566 782 2622 At
794 2567 877 2633 utile,
893 2564 980 2625 utali-

128 2727 141 2754 *
154 2724 207 2768 turn
214 2724 335 2780 furiendo.
369 2723 421 2767 The
429 2736 494 2767 cases
506 2723 530 2765 in
539 2721 617 2765 which
630 2721 744 2776 promises
752 2733 793 2765 are
805 2725 850 2766 not
860 2726 885 2766 te
894 2722 923 2766 be
932 2720 980 2767 held

96 2775 202 2830 binding,
212 2789 250 2821 arc
263 2778 317 2821 well
329 2777 423 2821 defined
436 2777 466 2831 by
479 2777 558 2830 Paley,
572 2776 608 2820 ΕΙ.
620 2776 648 2819 os
659 2777 695 2819 M.
706 2774 755 2818 eud
766 2776 793 2819 Ρ.
804 2776 848 2820 Ph.
861 2776 894 2821 iii.
903 2776 919 2820 l.
929 2776 951 2821 b.

408 2878 560 2921 CHAPTER
579 2876 668 2921 XXVI.

128 2947 262 3001 mergier.
295 2946 429 3000 Hesychius
447 2946 493 2990 and
512 2946 551 2989 the
568 2946 679 2988 scholiast
695 2956 726 2987 on
744 2944 840 2998 Pindur,
852 2944 979 2991 isthmon

96 3007 133 3049 tu,
144 3000 188 3043 cite
201 2997 239 3043 the
254 3001 369 3048 Ὀδυσσεὺς
378 3003 502 3053 μαινόμενος
513 3000 540 3041 of
549 2998 682 3053 Sophocles.
714 2997 872 3043 Neitherthat
883 3010 978 3055 noreny

96 3052 160 3094 other
172 3053 245 3107 tragic
256 3054 323 3107 piene
339 3052 366 3094 of
379 3052 496 3105 untiquitv
508 3053 618 3104 remeius,
631 3052 656 3094 in
669 3050 746 3094 which
764 3052 863 3106 Ulysses
876 3053 896 3096 is
909 3065 932 3097 rc

96 3105 176 3145 sented
189 3118 215 3147 es
228 3106 290 3148 urad.
323 3107 344 3148 A
357 3105 454 3158 tragedy
464 3096 492 3147 oi
505 3105 621 3148 Pacuvius
636 3104 682 3148 had
699 3104 738 3148 the
756 3105 806 3148 title
819 3106 849 3149 of
863 3107 978 3151 Judicutm

90 3167 228 3214 annorum
252 3160 313 3205 frum
336 3158 423 3214 which,
440 3158 556 3217 possibly,
568 3170 622 3202 uas
639 3158 709 3202 made
732 3157 772 3202 tbe
790 3164 884 3205 extrem
907 3158 976 3204 which

67 3208 186 3352 p,
