2054 3946
93 177 151 231 254
376 170 426 216 nn
453 169 691 217 sauncrura.

93 297 194 342 mgnum
211 288 369 345 appetentem,
386 286 527 342 occupatum
545 277 670 326 interemit
711 278 735 328 A
754 277 855 328 villain
872 287 976 330 senatun

92 350 270 397 arcessebantur
281 356 305 396 et
322 347 412 395 Curius
422 355 447 394 et
457 346 533 394 ceteri
550 361 633 393 senes:
651 360 682 393 ex
695 360 750 407 quo,
762 347 806 409 qui
823 363 866 396 eos
882 364 976 397 arcesse·

92 417 157 473 bant,
168 415 271 465 viatores
282 413 399 463 nominati
409 421 473 462 sunt
507 412 574 461 Num
586 412 659 472 igitur
669 427 753 461 eorum
765 422 878 464 senectus
888 415 977 464 misera·

93 483 146 531 bilis
157 483 209 540 suit,
219 483 260 545 qui
272 499 297 529 se
309 482 358 543 agri
370 480 473 529 cultione
484 480 648 528 oblectabantl
684 478 741 528 Mea
748 480 847 542 quidem
857 482 978 539 sententia,

93 549 156 599 baud
173 551 229 608 scio,
242 566 274 597 an
286 550 334 598 ulla
352 548 440 596 beatior
457 563 509 595 esse
520 545 608 609 possit:
626 561 705 608 neque
722 549 803 596 solum
821 549 908 608 officio,
919 549 977 612 quod

93 616 218 665 hominum
230 616 311 677 generi
323 615 434 663 universo
445 616 539 662 cultura
550 629 659 673 agrorum
670 621 707 662 est
723 614 843 673 salutaris,
855 616 897 665 sed
909 617 977 665 etde·

92 683 217 732 lectaumm
231 683 316 745 (quarn
328 681 401 747 diri),
411 688 435 728 et
447 680 568 729 saturitate
579 679 694 742 copiaque
706 681 816 729 omniurn
829 698 917 742 rerum,
930 699 977 746 qua

92 749 122 798 ad
134 750 223 798 victum
234 749 367 806 bominum,
377 749 406 797 ad
417 748 509 797 cultum
520 747 591 795 etiarn
603 747 717 804 Deorum,
726 747 862 811 pertinentr
880 758 916 808 ut,
925 766 978 813 quo-

39 866 44 875 ,
91 816 157 865 niam
168 817 219 865 hac
230 815 326 878 quidarn
338 815 479 870 desiderant,
490 815 516 862 in
529 813 628 875 gratiam
637 815 688 878 jam
700 828 756 862 cum
768 818 893 878 voluptate
904 818 977 865 redes·

92 900 154 932 urus.
188 883 288 946 Semper
302 882 366 931 enim
384 881 440 929 boni
452 881 588 943 assiduique
601 880 692 929 domini
708 881 795 930 referta
812 885 874 932 cella
884 883 976 941 vinaria,

91 951 185 1007 olearia,
203 949 275 999 etiarn
295 949 393 1012 penaria
410 956 461 1007 θεῖς
485 947 587 1011 villaque
607 956 657 996 tota
675 948 782 1011 locuples
800 956 852 997 est:
876 951 977 999 abundat

91 1033 169 1080 porco,
186 1017 253 1065 bado
270 1032 340 1077 agno,
352 1016 448 1076 gallina,
466 1016 533 1073 lacte,
544 1031 620 1073 caseo,
638 1016 714 1064 malle.
747 1014 805 1064 Jam
822 1017 920 1066 bortum
935 1018 976 1081 ipsi

91 1084 198 1145 maccla
215 1083 345 1133 succidiam
363 1084 460 1131 alteram
477 1083 612 1145 appellant:
636 1090 688 1130 tum
705 1082 841 1132 conditiora
857 1083 915 1133 iacit
930 1085 975 1135 bac

92 1151 261 1215 supervacanei
272 1150 343 1198 etiam
356 1150 433 1212 operis
444 1149 575 1213 aucupium
587 1157 658 1212 atque
669 1149 772 1199 venatio.
973 1197 979 1211 ,

124 1218 189 1278 Quid
201 1219 231 1267 de
242 1225 362 1282 pratorum
371 1216 494 1274 viriditate,
503 1225 546 1264 aut
552 1217 661 1265 arborum
668 1214 798 1275 ordinibus,
805 1225 849 1267 snt
855 1217 974 1268 vinearum

91 1285 276 1348 olivetorumque
288 1283 373 1347 specie,
384 1283 479 1332 dicami
515 1283 587 1331 Brevi
599 1283 731 1345 precidem.
765 1282 834 1346 Agre
844 1287 906 1334 bene
915 1288 975 1335 culto

91 1352 125 1400 nil
137 1360 214 1415 potest
225 1367 283 1410 esse,
296 1368 340 1399 nec
352 1367 398 1400 usu
409 1349 511 1406 uberius,
523 1365 568 1398 nec
579 1350 657 1412 specie
668 1350 791 1406 ornatius:
809 1351 839 1400 ad
852 1369 924 1416 quern
932 1352 974 1402 ira·

91 1420 188 1476 endum,
200 1436 249 1468 non
261 1419 331 1466 modo
343 1434 392 1466 non
405 1417 511 1472 retardat,
523 1432 607 1465 verum
618 1416 690 1466 edam
701 1415 790 1466 invitat
803 1427 875 1482 atque
886 1421 974 1469 allectat

91 1494 208 1535 senectus.
243 1485 291 1535 Ubi
302 1486 366 1533 enirn
385 1492 462 1547 potest
479 1483 518 1532 illu
531 1492 586 1532 atas
598 1492 641 1533 sut
657 1485 773 1533 calescere
784 1486 822 1534 vel
834 1486 974 1549 apricatione

90 1553 177 1601 melius
189 1554 225 1602 vel
236 1552 302 1613 igni3
320 1560 362 1600 aut
374 1551 477 1600 vicissim
489 1551 578 1599 umbris
590 1551 687 1613 aquisve
698 1550 829 1613 refrigerari
840 1552 972 1603 alebant

90 1618 142 1668 Sibi
153 1619 226 1681 igitur
242 1621 345 1668 babeant
361 1634 433 1676 arma,
445 1616 490 1665 sibi
507 1633 588 1680 equos,
600 1618 644 1666 sibi
661 1617 749 1677 hastas,
760 1618 805 1667 sibi
822 1621 922 1680 clavam,
933 1618 974 1668 sibi

90 1686 171 1749 pilam,
178 1688 222 1736 sibi
231 1686 365 1736 natationes
373 1694 397 1733 et
406 1701 503 1734 cursus:
522 1684 590 1733 nobis
599 1685 702 1742 senibus,
708 1700 739 1733 ex
745 1685 880 1735 lusionibus
890 1687 975 1743 multis,

90 1755 150 1802 talos
162 1755 335 1817 relinquantet
353 1761 466 1801 tesseras:
483 1751 588 1814 idipsum
608 1753 708 1816 [utrum]
727 1752 832 1810 lulaebit3
856 1754 974 1817 quoniam,

91 1820 144 1869 siue
156 1821 201 1880 his,
213 1823 281 1870 beata
292 1837 344 1870 esse
356 1828 467 1868 senectus
478 1826 563 1883 potest.

122 1950 203 2000 XVII.
221 1952 311 2000 Multas
331 1953 361 2000 arl
379 1967 416 1999 res
432 1949 545 2013 perutiles
563 1948 733 2013 Xenophontis
749 1950 802 2000 libri
821 1959 894 2001 sunt:
917 1968 975 2016 quos

89 2017 166 2077 legite,
179 2034 265 2081 queso,
274 2019 386 2076 studiose,
398 2025 425 2066 ut
435 2017 519 2066 facitis.
554 2016 634 2075 Quam
647 2016 740 2080 copiose
752 2020 781 2066 ab
793 2035 822 2066 eo
833 2020 976 2082 agricultura

89 2084 199 2132 laudatur
210 2085 235 2132 in
247 2102 275 2133 eo
287 2086 353 2143 libro,
366 2085 407 2148 qui
419 2092 455 2132 est
471 2084 501 2131 de
519 2083 607 2132 tuenda
619 2099 644 2130 re
655 2083 772 2143 familiari,
784 2086 826 2148 qui
845 2094 859 2117 ·‘
869 2086 976 2136 OEcono·

89 2150 183 2198 micus''
202 2152 351 2201 inscribitur!
393 2151 481 2212 Atque,
498 2158 526 2199 ut
545 2149 690 2211 intelligatis,
704 2151 765 2200 nibil
785 2153 806 2201 ei
827 2159 879 2202 tam
898 2156 975 2215 regala

88 2217 162 2265 videri
174 2235 246 2281 quarn
257 2219 362 2268 studium
374 2217 532 2279 agricolandi,
543 2217 652 2265 Socrates
662 2218 688 2266 in
699 2234 729 2266 eo
740 2218 799 2267 libro
809 2221 974 2282 loquiturcuor

90 2283 219 2343 Critobulo,
233 2285 325 2348 Cyrum
336 2285 460 2342 minorem,
472 2301 552 2345 regern
571 2285 704 2343 Persarum,
714 2294 865 2348 prestantem
877 2288 974 2349 ingenio

89 2360 160 2413 atque
177 2352 269 2416 imperii
287 2353 368 2415 gloria,
385 2367 440 2400 cum
458 2350 583 2414 Lysander
603 2350 806 2412 Lacedemonius,
822 2354 860 2402 vir
877 2371 975 2406 suurrnae

89 2418 190 2477 virtutis,
202 2420 306 2469 venisset
317 2421 346 2469 ad
358 2435 414 2467 eum
431 2417 519 2475 Sardis,
529 2418 598 2481 eique
615 2418 679 2467 dona
690 2419 785 2468 aseclis
803 2422 935 2479 attulisset;
953 2432 975 2470 et

88 2487 177 2534 catoris
188 2486 213 2535 in
227 2489 296 2536 rebus
308 2503 399 2536 comem
416 2501 473 2545 erga
484 2484 636 2548 Lysandrum
654 2494 725 2549 atque
741 2486 878 2537 humanum
895 2489 975 2547 fuisse,

88 2558 112 2599 et
123 2553 144 2600 ei
156 2555 283 2615 quemdam
300 2561 440 2616 conseptum
458 2568 550 2612 agrurn,
561 2553 687 2613 diligenter
697 2554 824 2612 consitum,
836 2556 975 2605 ostendisse.

89 2616 154 2668 Cum
166 2630 245 2669 autern
261 2622 414 2670 admiraretur
431 2619 555 2682 Lysander
569 2628 593 2668 et
610 2620 760 2683 proceritates
777 2623 896 2682 arborum,
908 2632 933 2672 et
943 2624 976 2673 di·

88 2693 162 2734 rectos
174 2687 199 2735 in
211 2689 372 2750 quincuncem
390 2686 489 2741 ordines,
501 2694 525 2734 et
542 2686 644 2736 humum
661 2690 782 2737 subactam
800 2697 873 2752 atqua
884 2706 976 2754 puram,

88 2759 111 2798 et
128 2755 268 2803 suavitatem
287 2756 386 2803 odomm
398 2753 440 2816 qui
451 2753 588 2801 afflarentur
600 2770 613 2802 e
624 2755 736 2813 florinum
753 2764 806 2804 tum
824 2756 922 2817 dixisse,
934 2759 975 2806 mi·

87 2819 132 2865 rari
144 2837 169 2868 se
181 2837 230 2869 non
239 2823 309 2869 modo
319 2821 475 2883 diligentiam,
482 2820 524 2868 sed
535 2820 605 2868 etiam
620 2821 739 2871 solertiam
749 2823 808 2887 ejus,
818 2834 976 2888 aquoessent

86 2881 127 2932 illa
143 2887 252 2936 dimensa
267 2897 337 2952 atque
354 2886 487 2950 descripta3
504 2895 528 2935 et
538 2887 561 2935 ei
574 2887 666 2950 Cyrum
685 2890 850 2954 respondisse:
876 2892 976 2956 “Atqui

85 2965 129 3010 ego
141 2954 223 3003 omnia
234 2956 279 3003 ista
296 2973 349 3005 sum
361 2956 499 3004 dimensus:
516 2955 563 3003 mei
575 2964 633 3003 sunt
649 2956 751 3016 calinas,
762 2972 817 3006 rnoa
833 2958 975 3024 descriptiot

85 3024 165 3067 multae
177 3022 248 3070 edam
260 3022 359 3072 istarum
372 3024 480 3070 arborum
498 3037 636 3071 meamanu
654 3031 711 3073 sunt
727 3023 808 3074 sata.”
842 3025 911 3077 Tum
928 3026 976 3091 Ly·

75 3085 200 3148 sandrum,
213 3089 351 3141 intuentem
363 3091 415 3156 ejus
425 3104 563 3154 purpuram,
572 3097 596 3137 et
612 3090 714 3139 nitorem
730 3091 842 3154 eorporis,
854 3107 976 3144 ornatum·

66 3166 115 3215 qve
136 3156 269 3212 Persicum
294 3161 374 3213 multo
394 3175 455 3212 auro
474 3156 606 3222 multisque
627 3158 738 3218 aemma,
750 3158 854 3207 baises
879 3161 976 3212 “Recte
