2054 3946
72 159 132 214 m
379 151 429 196 oa
455 150 652 197 arrrcrria.

72 259 257 310 “Pamisum'’
291 259 392 318 Videtis,
410 276 482 323 quam
500 259 590 308 nelarie
610 275 673 307 vox:
691 266 723 318 et,
739 261 827 318 hercle,
848 259 882 308 ita
898 258 959 310 fecit.

72 330 109 377 rel
128 330 183 391 plue
205 328 277 376 etiam
296 344 369 390 quam
391 327 469 375 dixit:
494 327 627 376 nonenim
646 326 725 388 paruit
745 327 784 375 ille
806 327 848 375 Ti.
858 327 961 375 Gracchi

72 395 206 452 temeritati,
218 396 259 443 aad
275 394 384 458 praefuit3
402 411 447 442 nec
463 411 488 442 sc
505 394 617 442 comitem
633 394 697 442 illias
709 392 802 452 luroris,
814 395 961 452 redducam,

72 463 179 526 prabuic
196 462 286 525 Itaque,
298 462 343 510 hac
354 462 465 515 carentia.
474 461 602 524 questime
617 461 865 523 novaperterriuis,in
876 461 961 510 Asiam

72 529 191 593 profugit;
204 530 233 578 ad
245 531 325 577 hostes
337 545 363 576 se
374 529 488 587 contulit;
504 544 586 591 prenae
597 527 733 590 reipublice
745 545 829 590 gravae
837 529 961 592 juratasque

72 598 192 660 persolvit.
225 597 302 644 Nulla
312 604 348 643 cet
365 596 438 656 igitar
449 595 571 644 armrsetio
587 594 719 657 pcccatisi
735 596 806 645 antici
824 612 897 644 ceum
909 612 963 658 pec·

72 663 169 714 cereris.
204 663 276 719 Nem,
295 679 352 711 cum
370 661 518 711 conciliatrix
540 662 649 710 amicitie
668 662 764 710 virtutis
785 663 867 726 opinio
884 663 962 721 fucrit

72 730 168 779 difficile
179 739 216 778 eet
226 730 354 778 arnicitiara
366 745 469 787 manera,
482 730 502 777 ei
514 746 529 777 a
539 729 625 776 virtute
636 729 757 778 defecerie.

107 797 179 856 Quod
202 797 222 845 ei
244 805 336 845 rectum
359 796 519 854 statuerimus,
536 797 574 844 rel
591 797 723 845 concedere
744 796 832 845 amicis
847 797 963 860 quidquid

72 864 154 922 rclint,
163 866 200 912 vel
212 865 335 927 impetrare
348 864 419 912 abiis
430 863 545 927 quidquid
556 863 664 921 velimus,
676 863 781 926 perlecta
792 865 890 926 quidam
901 865 962 928 sapi·

73 931 138 980 entia
149 932 232 989 cimus,
244 931 265 978 si
282 930 343 979 nihil
360 932 446 979 hebeat
462 947 499 978 ree
510 930 578 979 vitii:
594 931 637 978 ead
654 930 815 993 loquimurde
832 932 862 979 iia
879 932 964 980 amicis

73 998 187 1061 quiante
211 999 294 1046 oculos
313 1007 376 1056 sunt,
394 1015 456 1061 quos
472 998 587 1055 videmus,
604 1005 646 1046 aut
666 998 696 1045 de
713 998 802 1060 quitus
822 999 963 1047 memoriam

73 1065 215 1128 accepimus,
227 1073 269 1113 aut
280 1081 341 1127 quos
352 1067 419 1113 novit
430 1065 479 1112 vita
490 1064 633 1113 communis.
667 1065 707 1113 Ex
719 1066 766 1113 hoc
780 1081 884 1113 numero
894 1067 963 1114 nobie

72 1134 183 1194 exempla
194 1133 312 1180 annuntia
331 1140 395 1191 aunt,
407 1141 430 1180 et
441 1148 524 1180 eorum
535 1132 632 1195 quidem
643 1132 755 1191 maxime,
767 1132 810 1196 qni
821 1133 853 1181 ad
869 1133 963 1196 eapien-

72 1199 131 1248 tiem
142 1199 250 1261 proxime
262 1199 386 1248 accedunt

107 1266 226 1315 Videmus
240 1267 334 1330 Papum
347 1266 475 1314 AEmilium
489 1265 520 1314 G.
531 1265 638 1314 Luscino
649 1266 790 1315 familiarem
799 1266 875 1314 fnisse
888 1266 935 1329 (sic
947 1284 962 1316 a

74 1333 180 1396 patribus
192 1335 346 1400 accepimus)
361 1333 397 1381 bis
406 1351 456 1382 una
467 1335 584 1391 consules,
596 1343 619 1381 et
629 1335 730 1394 collegae
742 1333 767 1380 in
779 1350 880 1382 censura
890 1351 898 1380 :
909 1343 962 1383 tum

73 1407 168 1450 etcum
185 1401 222 1458 iis,
233 1410 257 1449 et
274 1402 337 1450 intcr
352 1417 385 1458 se,
398 1400 608 1464 conjunctissimos
623 1399 698 1448 foisse
716 1400 753 1448 Μ’
765 1399 869 1449 Curium
886 1410 910 1449 et
921 1402 962 1450 Ti.

74 1465 263 1526 Coruncanium,
275 1469 389 1517 memoria
400 1469 521 1531 proditum
532 1475 575 1515 est
609 1467 685 1527 Igitur
696 1482 728 1514 ne
739 1467 856 1530 suspicari
865 1469 962 1529 quidem

73 1550 209 1597 possumus,
219 1552 363 1598 quemqnam
373 1536 459 1584 horum
471 1537 501 1582 ab
512 1534 591 1582 emico
597 1535 719 1597 quidpiam
728 1535 888 1593 contendisse,
898 1536 961 1598 quod

74 1610 156 1650 eontra
177 1603 257 1658 tidem,
281 1611 362 1650 contra
386 1603 564 1666 jusjurandum,
587 1610 670 1650 contra
697 1602 870 1665 rempublicam
893 1614 961 1651 esset

74 1667 141 1718 Nam
152 1669 198 1718 hoc
210 1669 307 1732 quidem
323 1669 349 1717 in
367 1670 454 1718 talibus
464 1669 521 1716 viris
531 1668 589 1730 qnid
607 1668 691 1716 attinet
701 1669 785 1727 dicare,
798 1676 812 1698 ‘⁴
820 1668 848 1716 Si
865 1679 963 1718 contan-

73 1735 153 1793 disset,
166 1736 218 1784 ecio
233 1737 414 1800 impetraturum
432 1752 480 1784 non
497 1735 608 1784 famecl”
627 1752 683 1783 cum
703 1736 737 1784 illi
757 1736 901 1784 canctimimi
918 1738 963 1785 riri

75 1802 179 1862 hieriam
195 1821 261 1865 aeque
279 1813 360 1852 autem
377 1803 443 1851 netas
460 1803 498 1858 sit,
510 1804 556 1851 tale
574 1803 663 1864 aliquid
681 1803 792 1851 olfacere
809 1813 926 1864 rogatum,
938 1815 964 1852 ct

75 1885 164 1931 rogare.
198 1871 232 1918 Ar
249 1888 304 1919 vero
321 1872 361 1919 'l'i
374 1871 512 1919 Gracchum
528 1872 687 1932 mquebantur
706 1870 735 1918 G.
749 1870 835 1927 Carbo
849 1869 879 1918 C.
893 1871 963 1929 Cato,

74 1945 98 1984 et
111 1937 249 2001 [minimus]
261 1947 314 1986 tum
325 1939 422 2000 quidem
435 1937 511 1986 Gaius
523 1938 612 1996 Frater,
624 1952 693 1985 nune
702 1938 767 1986 iilam
777 1938 928 1985 accerrimus

107 2070 164 2118 ΧΠ.
182 2071 244 2118 Hac
253 2072 326 2131 igitur
337 2073 376 2120 lox
388 2072 413 2120 iu
426 2071 531 2120 amicitie
541 2071 667 2128 sanciatur,
676 2078 704 2118 ut
715 2086 795 2132 aeque
805 2087 917 2131 rogemus
926 2087 965 2119 res

74 2145 162 2199 turpes,
171 2153 216 2184 nec
226 2138 341 2186 faciamus
351 2139 435 2200 rogati.
468 2138 632 2200 Turpiserrim
644 2138 766 2186 cromatio
778 2147 850 2194 est‚et
863 2139 963 2186 minimo

74 2204 218 2266 accipienda,
231 2221 287 2253 cum
298 2206 324 2252 in
342 2206 432 2253 caetcris
443 2207 551 2268 pcccatis,
564 2213 616 2253 tum
632 2204 717 2266 siquis
733 2214 817 2253 contre
834 2205 963 2268 rempubli-

74 2287 128 2319 cam
145 2289 170 2318 se
189 2271 259 2319 amici
277 2289 349 2320 causa
365 2273 448 2320 iecisse
465 2272 573 2322 fateatur.
608 2273 705 2320 Etenim
724 2288 753 2319 co
769 2274 827 2328 loco,
841 2272 921 2320 Fauni
939 2283 964 2320 ct

75 2338 187 2394 seurota,
208 2339 279 2387 locati
299 2354 390 2397 stamus,
402 2347 429 2387 ut
447 2356 490 2386 nos
508 2341 579 2400 longe
596 2340 731 2402 prospicere
747 2347 853 2401 oporteat
870 2341 964 2387 futuros

75 2421 146 2454 casus
157 2406 296 2468 reipublicae.
330 2406 435 2454 Deflexit
446 2406 510 2453 cuim
526 2409 577 2471 jam
589 2407 764 2468 aliquantulam
775 2406 805 2454 ‹la
822 2408 902 2469 spatio
911 2423 964 2454 cur·

75 2471 195 2535 riculoque
211 2475 360 2521 consuetudo
376 2476 500 2538 majorum.
535 2474 574 2521 Ti.
587 2474 712 2520 Gracchus
726 2490 825 2533 regnum
845 2491 963 2536 occuparo

75 2549 175 2587 conatus
191 2550 233 2595 cst,
246 2543 282 2588 vul
301 2542 408 2601 regnarit
427 2541 448 2588 is
460 2541 555 2601 quidam
573 2557 663 2603 paucos
681 2556 782 2588 urenscs.
817 2541 888 2588 Num
905 2542 963 2603 quiri

74 2605 151 2653 ffl'mile
164 2610 267 2668 populns
279 2609 403 2670 Rurrurnus
414 2608 526 2663 audierat,
537 2617 578 2655 aut
589 2608 695 2655 viderat?
731 2607 812 2663 Hunc,
825 2609 900 2655 ctiam
911 2619 962 2669 post

75 2682 182 2731 morte-ru,
195 2675 269 2722 sccnti
282 2675 352 2722 amici
364 2684 388 2722 ct
397 2675 530 2738 propinqui,
539 2676 596 2736 quid
608 2675 633 2722 in
646 2674 673 2723 P.
683 2674 823 2736 Scipionem
834 2675 962 2731 effecerint,

74 2738 127 2787 sine
148 2742 258 2803 lacrymis
276 2759 325 2788 non
345 2758 407 2803 queo
422 2742 505 2789 dicere.
539 2742 606 2789 Nam
619 2741 762 2797 Carbonem,
775 2757 872 2804 quoquo
892 2744 964 2789 modo

74 2807 204 2867 potuimus,
216 2817 310 2870 proptor
321 2818 439 2856 umentem
458 2825 553 2871 paenam
565 2809 605 2856 lt.
617 2809 726 2863 Gracchi,
738 2809 916 2856 sustinuimus:
932 2810 963 2856 de

75 2870 105 2920 Ο.
118 2873 220 2922 Gracchi
233 2884 313 2922 antem
330 2878 458 2931 tribunatu,
471 2876 528 2936 quid
545 2883 687 2937 exspectem,
701 2892 749 2922 non
768 2876 825 2922 libat
843 2876 963 2935 augurari.

75 2937 153 3001 Serpit
164 2941 250 2988 deinde
261 2958 313 2988 res:
331 2959 383 3004 qnae
399 2942 527 3004 proclivius
539 2943 570 2989 ad
580 2943 716 3005 pernhiem,
729 2958 786 2989 cum
797 2944 871 2990 scmcl
884 2943 962 3004 coepit,

74 3005 166 3054 labitur.
203 3009 301 3061 videris,
314 3009 339 3056 ia
351 3011 435 3056 tabella
449 3011 501 3073 jam
513 3019 569 3056 ante
579 3019 668 3070 quanta
680 3009 712 3055 sit
723 3009 784 3056 facta
802 3011 873 3066 labes,
886 3010 963 3072 primo

74 3071 178 3121 Gabinia
198 3076 257 3135 lege,
277 3076 373 3122 biennio
393 3085 472 3124 autem
491 3085 551 3137 post,
571 3076 663 3124 Cassia.
705 3075 793 3124 Videre
811 3078 863 3141 jam
882 3077 962 3123 videor

57 3142 184 3206 populum
192 3160 206 3193 a
214 3149 304 3194 senatu
310 3142 681 3211 disjunctummultitul'urisque
688 3142 784 3192 arbitrio
794 3160 834 3192 res
843 3144 963 3193 naxium
