2054 3946
344 409 380 462 Μ.
397 408 516 460 TULLII
541 405 728 461 CICERONIS

423 566 648 664 unnim,
717 532 720 536 “

503 779 565 820 smr

238 935 836 1028 DEAMICITIA

377 1130 684 1208 urrunnun

518 1327 555 1368 An

262 1494 300 1551 T.
322 1490 579 1550 POMPONIUM
600 1487 807 1549 ATTIOUM.

457 1713 627 1727 m

127 1891 146 1940 1.
164 1891 289 1950 Qumnns
308 1891 415 1939 Moerus
428 1906 505 1951 augur
521 1890 597 1938 multa
614 1905 707 1938 narrare
718 1888 748 1937 de
761 1887 791 1936 C.
803 1886 886 1947 Laelio,
898 1904 976 1938 sooero

94 1974 146 2015 ruo,
157 1959 291 2006 memoriter
311 1967 335 2005 et
348 1958 456 2021 jucunde
474 1958 568 2014 solebat,
584 1973 629 2004 neo
645 1957 759 2013 dubitare,
774 1955 844 2004 iilum
865 1955 892 2003 in
912 1954 976 2005 omni

93 2041 201 2073 sermone
219 2027 336 2087 appellare
356 2025 496 2086 sapientem.
530 2023 584 2083 Ego
601 2031 682 2071 autem
698 2040 713 2071 a
724 2031 790 2085 patre
807 2021 841 2070 ita
858 2038 923 2071 erum
938 2023 977 2070 de-

93 2092 179 2141 ductus
190 2092 218 2139 ad
232 2092 369 2147 Scaevolam,
382 2100 460 2138 sumta
471 2090 532 2138 virili
544 2100 605 2151 toga,
614 2097 649 2146 ut,
657 2090 734 2166 quoad
744 2105 846 2152 possem,
855 2098 880 2137 et
891 2090 976 2148 liceret,

93 2176 107 2206 n
119 2159 182 2206 senis
194 2161 264 2207 latere
277 2173 401 2219 nunquam
413 2157 563 2206 discederem.
583 2204 585 2208 ,
598 2157 680 2219 Itaque
689 2158 765 2205 multa
774 2158 803 2204 ab
812 2173 841 2204 eo
850 2158 977 2218 prudenter

93 2226 219 2288 disputata,
231 2228 306 2274 multa
317 2224 388 2271 etiam
406 2224 506 2272 breviter
517 2234 539 2272 et
558 2224 681 2272 commode
697 2223 766 2279 dicta,
778 2223 899 2271 memorie
911 2239 977 2272 meu·

93 2294 191 2349 dabam
201 2293 297 2355 fierique
307 2292 430 2339 studebam
438 2292 490 2355 ejus
499 2292 624 2353 prudentia
631 2290 726 2339 doctior.
761 2289 818 2348 Quo
828 2300 930 2347 mortuo,
939 2305 977 2339 me

93 2361 123 2409 nd
135 2361 271 2422 pontificem
289 2359 419 2406 scevolam
436 2358 543 2416 contuli3
560 2374 630 2421 quern
648 2372 726 2406 unum
743 2364 828 2404 nostrie
840 2356 944 2406 civitatis
953 2366 977 2404 st

93 2427 190 2487 ingenio
210 2436 234 2475 et
250 2427 343 2492 justitia
361 2424 583 2488 prestantissimum
603 2425 679 2473 audeo
695 2424 779 2472 disere.
813 2423 862 2471 Sed
882 2425 913 2472 de
933 2424 977 2473 huc

93 2494 165 2541 alias:
188 2511 253 2543 nuno
270 2494 340 2541 redeo
351 2494 380 2540 ad
392 2508 515 2552 augurem.
549 2491 614 2540 Cum
632 2507 693 2553 sepe
705 2492 788 2549 multa,
800 2498 853 2538 tum
872 2490 977 2548 memini,

92 2561 157 2607 domi
169 2562 193 2608 in
206 2560 346 2623 hemicyclio
358 2560 487 2616 sedentem,
496 2566 522 2607 ut
533 2561 629 2616 solebat,
639 2575 694 2607 cum
706 2566 730 2606 et
742 2574 786 2618 ego
798 2574 876 2605 omem
888 2574 945 2616 nna,
954 2565 977 2606 et

92 2629 163 2688 pauci
176 2629 303 2675 admodum
320 2627 454 2685 familiares,
466 2627 492 2674 in
504 2642 560 2674 eum
577 2641 711 2673 sermonem
727 2625 796 2674 illum
812 2622 926 2682 incidere,
937 2625 978 2688 qui

92 2701 144 2740 tum
156 2695 202 2742 sere
215 2695 325 2742 omnibus
337 2694 422 2741 eratin
434 2710 481 2741 ore.
515 2693 646 2741 Meministi
655 2691 719 2740 enim
734 2691 846 2754 profecto,
859 2693 946 2748 Attioe,
955 2701 978 2740 et

92 2774 121 2806 eo
133 2762 215 2820 magis,
228 2763 291 2822 quod
302 2761 329 2808 P.
338 2760 445 2822 Sulpicio
457 2761 551 2808 utebare
564 2761 674 2816 muitum,
689 2758 757 2822 (cum
768 2758 796 2816 is,
809 2759 921 2806 tribunus
931 2760 978 2821 ple·

93 2824 134 2882 oia,
147 2828 240 2889 capitali
258 2828 312 2875 odio
329 2844 343 2874 a
362 2829 392 2886 Q.
405 2827 528 2890 Pompeio,
546 2826 587 2889 qui
605 2834 657 2875 tum
675 2834 726 2875 erat.
743 2826 836 2882 consul,
848 2825 977 2880 dissideret,

92 2906 196 2951 quonum
212 2894 406 2959 conjunctissime
418 2902 442 2942 et
453 2893 615 2942 amantissimo
627 2894 729 2958 vireret)
743 2902 834 2954 quanta
850 2892 978 2941 homiuum

36 2984 45 3007 r
91 2967 153 3005 esset
166 2963 200 3007 vol
214 2961 343 3019 admiratio,
356 2963 393 3008 vel
405 2962 506 3022 querela
541 2961 682 3023 Itaquoturn
693 2959 976 3018 Scaevolauumineaur

84 3021 163 3088 msam
183 3028 330 3078 mentionem
352 3027 480 3088 incidisset,
497 3029 609 3091 exposuit
625 3028 694 3076 nobis
712 3042 848 3076 sermonem
865 3026 932 3076 Leiii
949 3021 986 3075 di.
