2054 3946
88 206 122 260 ¹6
402 192 449 237 DE
470 150 648 238 ostiensi

122 304 266 376 Equidem
279 313 309 360 et
322 303 470 360 Platonem
485 301 630 366 existimo,
648 299 673 355 si
688 317 777 376 genus
791 298 906 356 forense
919 297 959 357 di

82 384 165 441 cendi
181 395 296 441 tractare
312 381 457 447 voluisset,
472 381 640 456 gravissime
655 389 684 435 et
696 379 898 455 copiosissime
912 397 961 454 po·

84 464 170 520 tuisse
190 463 302 529 dicerc;
324 471 353 517 et
369 461 605 524 Demosthenem,
616 460 640 515 si
655 459 712 525 illa,
733 477 795 530 quae
810 477 827 514 a
841 457 961 515 Platone

82 541 367 608 didicerat,tenuissct
376 550 403 597 ct
413 539 593 614 pronuntiare
603 538 750 604 voluisset,
760 549 857 594 ornate
866 537 961 612 splen·

82 619 205 693 dideque
215 621 304 676 iacere
316 619 455 694 potuisse.
481 617 650 689 Eodemque
663 616 748 673 modo
760 615 795 672 de
807 616 960 675 Aristotele

81 710 111 756 ct
123 700 248 758 Isocrate
265 697 381 774 judico;
405 716 526 770 quorum
547 707 664 768 uterque
680 715 732 753 suo
753 695 847 753 studio
868 694 960 753 delec-

81 789 166 847 tatus,
181 778 332 835 contemsit
346 778 492 834 aiterum*

85 902 173 964 CAR.
189 903 229 961 ΙΙ.
255 901 351 973 Quam
365 901 423 960 late
438 908 562 978 potsunt
575 900 690 978 officim·
711 899 835 977 quinam
856 899 960 960 Philo·

277 982 361 1059 sophi
375 981 410 1039 de
423 981 524 1058 officiis
539 979 632 1038 dicere
645 987 762 1056 queunt.

118 1095 183 1152 Sei>
196 1114 261 1152 eum
280 1096 442 1151 statuissem
464 1095 586 1151 scribere
600 1093 636 1150 ad
650 1104 677 1150 te
691 1093 797 1166 aliquid
819 1093 875 1151 hoc
888 1104 959 1152 tem-

80 1194 160 1252 pore,
171 1184 200 1230 et
215 1175 301 1231 multa
311 1174 440 1250 posthac,
453 1174 487 1230 ab
500 1192 535 1230 eo
550 1173 636 1230 ordiri
647 1173 724 1230 volui
736 1174 871 1240 maxime,
882 1173 959 1246 quod

80 1265 108 1311 ct
132 1255 206 1311 aetati
233 1264 287 1310 tuae
309 1263 387 1310 esset
410 1253 600 1328 aptissimum,
627 1263 655 1309 ct
679 1254 836 1309 auctoritati
861 1254 960 1314 merei

80 1334 156 1391 Nam
172 1352 237 1389 cum
254 1333 341 1389 multa
354 1333 455 1389 sintin
476 1332 660 1407 philosophia
673 1342 702 1388 et
715 1333 821 1408 gravia,
837 1342 865 1388 et
878 1333 959 1390 utilia

79 1423 208 1470 accurate
222 1411 395 1487 copioseque
411 1432 427 1469 a
441 1411 621 1487 philosophis
640 1410 797 1487 disputata:
819 1411 959 1469 latissime

78 1495 191 1568 pateress
211 1491 343 1549 videntur
363 1510 405 1558 ea,
423 1510 486 1564 quae
508 1490 543 1547 de
564 1490 666 1547 officiis
688 1490 789 1547 tradita
808 1491 843 1547 ab
858 1491 915 1548 illis
930 1503 959 1548 et

78 1582 219 1648 praecepta
233 1581 308 1628 sunt.
351 1571 440 1628 Nulla
460 1571 536 1628 enim
558 1571 621 1626 vitae
636 1589 700 1645 pars
715 1589 808 1642 neque
824 1570 956 1645 publicis,

78 1670 170 1723 neque
186 1651 313 1727 privatis,
327 1670 420 1722 neque
441 1649 612 1716 forensibus,
627 1667 720 1721 neque
742 1648 906 1706 domesticis
927 1650 958 1707 iii

77 1731 184 1797 rebus;
200 1749 293 1802 nequo
306 1731 330 1786 si
344 1742 437 1787 tecum
452 1749 518 1804 agas
529 1727 625 1802 quid,§
640 1747 734 1800 neque
748 1728 773 1784 si
788 1748 854 1785 cuin
869 1729 958 1787 altero

78 1809 240 1875 contrahas,
253 1827 353 1865 vacare
367 1810 464 1865 officio
474 1813 485 1877 ΙΙ
500 1818 610 1883 potest:
632 1809 661 1864 iii
676 1827 768 1880 eoque
783 1819 811 1864 et
824 1807 957 1874 colendo,

78 1888 133 1944 sita
146 1888 211 1943 vitae
232 1898 276 1944 est
295 1887 430 1943 honestas
452 1887 556 1954 omnis,
573 1896 601 1942 ct
621 1888 650 1944 in
672 1887 853 1963 negligendo,
869 1889 958 1965 turpi·

78 1964 157 2022 tudo.

116 2046 211 2116 Atque
226 2044 286 2101 haec
304 2044 420 2116 quidem
441 2045 560 2117 quaestio
582 2045 741 2102 communis
763 2054 807 2101 est
827 2045 955 2104 omnium

77 2123 325 2200 philosophorum.
369 2124 441 2190 Quis
456 2133 500 2180 est
514 2124 601 2192 enim,
620 2125 668 2196 qui
682 2124 769 2181 nullis
783 2123 871 2181 officii
885 2145 954 2202 prae·

111 2287 124 2312 ⁸
136 2281 257 2328 Alterum.
293 2282 341 2328 The
351 2284 423 2340 studii
432 2285 483 2329 and
493 2284 592 2340 perseo
603 2285 631 2341 φ’
640 2285 678 2330 ile
689 2284 759 2331 otte.

415 2371 566 2415 CHAPTEIl
584 2371 617 2415 11.

109 2437 280 2500 moriemimi
293 2450 358 2484 mear.
392 2440 519 2483 inseverat
531 2441 605 2486 MSS..
618 2440 707 2494 though
717 2443 760 2484 not
771 2440 836 2485 those
848 2441 877 2484 of
889 2441 956 2504 high-

76 2495 112 2534 est
123 2491 224 2535 authorit
241 2493 429 2546 ,grwmaimiim
440 2493 460 2536 is
471 2492 561 2543 added:
579 2493 618 2537 the
633 2506 702 2537 sense
720 2495 821 2537 receives
838 2494 896 2538 little
913 2508 955 2539 im·

76 2549 215 2640 Krovement
225 2505 257 2600 hy
270 2546 300 2607 its
312 2545 438 2608 insertion:
454 2546 516 2591 most
532 2546 632 2590 mitcble
643 2547 665 2592 to
675 2559 717 2602 my
728 2547 849 2600 character,
860 2547 955 2603 implies

93 2609 112 2640 is
121 2609 176 2641 own
189 2597 244 2651 high
255 2611 354 2653 opinion
365 2599 393 2642 os
405 2603 430 2642 it.

109 2655 121 2698 ss
137 2651 261 2696 [tutissime
288 2653 355 2697 uteie.
391 2652 423 2696 To
433 2652 489 2695 tave
501 2651 539 2696 the
551 2652 611 2697 most
620 2652 736 2696 ostensive
748 2652 871 2708 t'iifliierioe.

109 2702 202 2766 §Agat
221 2705 261 2767 qu]
315 2704 366 2748 The
383 2705 460 2767 duties
477 2704 583 2766 imposed
601 2705 632 2759 by
642 2705 681 2749 the
698 2706 744 2749 law
756 2707 784 2749 os
798 2710 881 2750 nature
893 2707 954 2752 haio

76 2752 135 2799 been
145 2757 315 2810 distinguished
325 2756 356 2812 by
367 2759 483 2801 moralists
495 2763 544 2801 into
553 2758 617 2802 three
628 2759 726 2811 classes3
739 2762 779 2803 lst.
789 2759 868 2804 Those
876 2760 954 2805 which

74 2811 201 2862 regardthe
210 2813 324 2866 supreme
336 2811 427 2872 Beingj
444 2810 628 2863 td.0urselves;
647 2812 684 2856 ed.
695 2813 765 2857 Other
776 2825 839 2857 men.
873 2814 954 2859 Cicero

74 2863 387 2967 ὛὸηεῐίῖὶΡδνἹῗὴῙέῐῐιῖιιιῗι
396 2863 606 2978 ihedehdedhoorhi
617 2865 723 2961 iliisierb
734 2918 818 2981 elfino,
830 2920 889 2982 used
902 2920 925 2963 iii
938 2933 953 2964 a

73 2978 141 3011 sense
161 2981 211 3031 ong¹
221 2970 365 3024 antiqueted.
400 2970 452 3013 The
469 2975 612 3032 proposition
626 2971 669 3014 hus
681 2971 734 3024 had,
746 2984 770 3014 in
783 2973 827 3016 this
837 2978 953 3025 instance,

74 3020 111 3064 the
122 3034 187 3065 sume
206 3023 324 3067 influence
341 3035 372 3066 on
391 3023 430 3066 the
443 3022 503 3070 verb.
516 3035 542 3065 cs
553 3035 576 3066 in
595 3023 634 3067 the
652 3026 808 3077 composition
821 3027 849 3068 of
861 3028 952 3076 niteam

72 3074 192 3136 obsequor,
209 3077 348 3129 obtempero,
365 3077 458 3128 oleum,
482 3075 531 3119 thet
548 3077 577 3119 of
589 3077 792 3132 accommodeting
810 3091 836 3121 or
854 3081 951 3125 matiiiic

72 3138 103 3179 iiii
121 3127 210 3172 licsble.
243 3130 324 3172 Hence
336 3129 433 3172 another
448 3129 579 3183 secundary
590 3130 734 3184 application
747 3131 775 3174 of
789 3131 893 3188 (fficium
904 3135 952 3177 mid

67 3140 185 3400 ἥψω
194 3181 220 3226 in
228 3181 267 3225 thc
277 3194 346 3226 sense
357 3183 384 3226 of
397 3181 525 3238 ohtigcti'oit
539 3194 564 3226 or
574 3183 674 3239 favour.

147 3566 204 3573 ——.
241 3568 250 3573 ,.
