2054 3946
411 518 493 564 orn
518 517 574 563 xu.
876 524 938 578 tero

58 628 226 691 rimosusque
248 625 367 685 immanis,
383 643 461 690 neque
475 629 593 690 superba;
610 641 662 689 quse
680 625 752 675 etism
770 627 870 689 populos
885 631 939 674 nni·

56 712 137 744 versos
154 695 221 752 tueri,
239 695 321 756 eisque
336 695 424 758 optime
444 695 575 752 mnsulere,
592 696 682 742 soleat:
706 693 770 756 quod
787 709 837 741 non
854 692 940 742 istem

56 763 168 828 profecto,
180 763 200 810 si
212 778 226 810 a
238 763 333 810 caritate
343 761 410 822 vulgi
421 762 561 809 abhorreret.

90 830 171 892 Atque
183 829 254 876 etiam
271 828 331 876 mihi
343 829 438 891 quidem
456 829 573 886 videntur,
585 827 627 891 qui
638 827 746 876 utilitatis
760 843 834 876 eausa
844 827 941 888 tismmt

55 897 180 952 amicitias,
200 895 396 944 amabilissimum
419 896 509 944 nodum
531 895 639 943 amicitie
663 897 751 944 tollere.
796 893 855 942 Non
875 893 940 942 enim

56 973 107 1012 tam
124 964 214 1011 utilitas
231 971 298 1024 parta
314 978 356 1025 per
372 962 484 1020 amioum,
496 978 568 1025 quam
585 962 657 1011 em‘mi
673 976 739 1010 amor
755 961 813 1024 ipse,
825 961 939 1009 delectat:

56 1040 157 1092 tumque
173 1030 233 1078 illud
245 1030 278 1088 fit,
291 1029 354 1092 quod
365 1031 395 1077 ab
406 1029 482 1077 amieo
499 1037 536 1077 est
546 1029 835 1093 profectumjoeundum,
846 1027 868 1075 si
884 1043 940 1075 cum

56 1097 136 1146 studio
150 1104 187 1145 est
203 1097 349 1159 profectum:
367 1104 508 1159 tantumque
519 1099 591 1154 abmt
604 1104 631 1144 ut
645 1095 753 1145 anricitisa
771 1103 865 1157 propter
881 1093 940 1142 indi·

57 1164 164 1225 gentiam
180 1165 295 1220 uolantum,
308 1172 334 1211 ut
352 1163 377 1220 ii,
394 1163 442 1225 qui,
454 1163 538 1226 opibus
555 1171 579 1211 et
595 1163 678 1225 copiis,
694 1162 845 1224 maximeque
856 1161 942 1208 virtuts

56 1231 148 1294 prediti
162 1230 200 1293 (in
213 1247 260 1292 qua
272 1231 401 1294 plurimum
413 1238 449 1278 est
459 1230 581 1297 presidii)
595 1229 694 1278 minime
705 1228 801 1277 alterius
812 1227 941 1288 indigeant,

57 1297 215 1347 liberalissimi
230 1296 285 1355 sint,
305 1306 330 1345 st
349 1297 564 1346 beneficentissimi.
598 1297 679 1358 Atque
700 1295 766 1344 haud
785 1296 841 1351 seim
860 1311 892 1342 sn
910 1309 941 1342 no

58 1381 119 1427 opus
130 1365 162 1412 sit
172 1364 275 1426 quidem,
288 1364 348 1412 nihil
359 1378 466 1426 unquam
484 1364 582 1412 omnino
593 1364 674 1411 deesse
692 1362 781 1411 amicis.
816 1360 864 1410 Ubi
876 1362 941 1410 enirn

58 1432 138 1480 studia
160 1440 241 1479 nostra
257 1431 397 1492 viguissent,
414 1430 435 1479 si
455 1446 580 1492 nunquam
599 1429 706 1488 oonsilio,
726 1445 852 1491 nunquam
871 1444 941 1492 opera

58 1507 147 1556 nostra,
160 1514 204 1546 nse
215 1498 280 1546 domi
291 1514 336 1546 nee
347 1497 443 1555 militis,
455 1497 536 1560 Scipio
544 1496 667 1558 eguisset!
702 1497 729 1545 N
730 1512 762 1544 os
773 1495 845 1557 igitur
855 1495 934 1544 utilite

58 1574 108 1614 tem
119 1565 230 1624 amicitis,
242 1565 283 1613 sed
295 1565 384 1614 utilitas
395 1564 532 1622 amicitiam,
542 1572 671 1613 cementa
681 1572 725 1612 est.

93 1694 151 1746 XV.
169 1697 228 1746 Non
240 1714 296 1758 erpo
314 1705 385 1746 erunt
401 1697 511 1746 homines
530 1696 620 1747 deliciis
637 1697 774 1746 diffluentes
790 1697 941 1755 audiendias

57 1765 156 1826 quando
168 1766 197 1812 de
209 1764 319 1821 amicitis,
331 1778 404 1827 quara
420 1780 465 1812 nec
477 1780 523 1814 usa
540 1780 585 1813 nee
602 1764 693 1813 ratione
710 1766 798 1813 habeut
814 1764 941 1824 eognitam,

58 1832 222 1893 disputabunt.
255 1830 322 1880 Nam
334 1831 388 1894 quis
399 1840 442 1889 est,
456 1830 511 1894 (pro
522 1831 602 1881 Deum
613 1831 692 1890 fidem,
704 1840 775 1894 atque
787 1831 911 1880 lrominum
920 1832 940 1897 l)

59 1899 102 1961 qui
113 1898 177 1956 velit,
189 1907 216 1947 ut
233 1914 311 1960 neque
330 1897 413 1958 diligat
424 1914 576 1961 quemquam,
588 1914 633 1946 neo
649 1897 700 1961 ipse
717 1900 746 1946 ab
758 1899 807 1946 ullo
825 1896 942 1958 diligatur,

57 1965 223 2014 circumfluere
235 1965 346 2013 omnibus
363 1964 445 2028 copiis,
457 1974 528 2028 atque
539 1965 565 2013 in
577 1964 686 2013 omnium
703 1981 781 2014 rerum
799 1965 942 2015 abundantis

60 2032 157 2080 viverel
193 2030 253 2080 lieo
270 2032 335 2080 enim
347 2041 384 2080 est
397 2041 552 2095 tyrannorun
564 2032 627 2092 rita3
645 2032 671 2080 in
682 2048 730 2095 qus
746 2031 860 2080 nimirum
877 2032 943 2080 nulle

59 2098 126 2157 fides,
138 2099 206 2148 nulls
220 2098 311 2156 onnus,
323 2101 391 2163 nulls
406 2098 496 2147 stabilis
507 2099 675 2148 benevolentia
691 2106 769 2162 potest
780 2114 831 2146 esse
842 2098 944 2147 fidinis:

58 2165 141 2214 omnis
152 2182 245 2229 semper
256 2175 372 2229 suspecte,
384 2174 455 2228 atque
465 2164 579 2215 sollicita:
597 2167 680 2215 nullus
691 2168 756 2215 locus
767 2165 883 2215 amicitie.

96 2232 158 2292 Quis
164 2233 234 2295 ¹enirn
245 2241 288 2281 sut
298 2249 354 2281 eum
363 2233 448 2294 diligat
459 2248 531 2296 quem
548 2232 640 2291 metuit,
652 2241 760 2282 anteum
772 2249 787 2281 s
801 2248 848 2295 quo
860 2249 885 2280 se
896 2248 946 2281 me

60 2298 96 2348 tui
114 2301 201 2362 putati
237 2299 358 2348 coluntur
381 2308 460 2348 tamen
483 2300 635 2349 simulatione
651 2300 769 2349 duntaxat
791 2300 820 2348 nl
842 2308 944 2363 tempus.

60 2366 134 2426 Quod
146 2366 167 2414 si
178 2367 237 2414 forte
251 2367 290 2429 (ut
301 2367 328 2414 fit
339 2368 478 2430 plerumque
504 2366 638 2425 ceciderint,
650 2375 703 2416 tum
713 2366 860 2428 intelligitur,
872 2383 945 2430 quam

60 2433 149 2481 fuerint
160 2433 243 2496 inopes
261 2433 406 2482 emisenam:
423 2448 455 2496 qu
502 2433 662 2497 Tarquinium
679 2434 766 2483 dixisse
777 2433 863 2492 senuit,
874 2448 945 2483 exsu-

60 2501 151 2548 lantem
167 2517 193 2548 se
209 2500 363 2558 intellexisse,
374 2517 434 2563 quos
451 2501 511 2550 lidos
528 2502 618 2550 amieos
634 2501 764 2559 habuisset,
775 2517 835 2564 quos
851 2501 945 2557 infidos,

58 2583 117 2616 eum
132 2568 183 2630 jam
200 2567 291 2616 neutris
307 2568 407 2628 gratiam
424 2567 507 2617 referre
524 2576 610 2632 posset.
645 2568 798 2631 Quamquam
816 2567 894 2625 miror,
905 2567 946 2616 illa

59 2633 171 2697 superbis
181 2641 205 2682 et
216 2634 400 2697 importunitate,
413 2635 433 2682 si
444 2651 589 2698 quemquam
605 2635 691 2684 babere
708 2636 792 2699 potuit
825 2635 906 2696 Atque
917 2642 946 2683 ut

59 2699 142 2764 hujus,
153 2717 225 2763 quem
236 2701 294 2759 diri,
306 2718 383 2749 mores
395 2716 462 2751 veros
474 2702 562 2751 amieos
573 2718 654 2766 parare
666 2718 716 2750 non
727 2710 831 2765 potuere,
839 2701 874 2748 sio
884 2703 945 2749 mul·

60 2775 140 2816 torum
151 2783 208 2830 opes
219 2768 401 2831 prepotentiurq
417 2769 550 2819 excludunt
561 2769 676 2818 amicitias
688 2769 776 2817 fideles
809 2766 868 2815 Non
879 2767 944 2816 enim

59 2834 139 2882 solum
151 2835 202 2897 ipss
213 2834 308 2883 fortuna
319 2843 434 2893 esseest,
445 2836 487 2883 sed
498 2853 539 2884 eos
547 2834 619 2885 etiam
631 2838 770 2899 plenamque
780 2833 853 2882 efficit
863 2849 945 2889 cecos,

59 2917 121 2964 quos
133 2903 257 2965 complexe
268 2910 311 2950 est.
344 2902 427 2964 Itaque
438 2900 569 2951 efferuntur
579 2902 613 2950 illi
625 2903 672 2950 sere
683 2901 776 2950 fastidio
787 2909 812 2950 et
823 2909 946 2949 contuma-

59 2968 112 3018 cia:
124 2983 202 3030 neque
211 2969 341 3031 quidquam
352 2968 480 3032 insipiente
488 2969 608 3018 fortunato
619 2969 789 3017 intolerabilius
798 2967 849 3017 lieri
861 2976 945 3031 potest.

94 3034 176 3098 Atque
187 3035 234 3084 hoe
245 3036 341 3099 quidem
352 3034 431 3083 videre
443 3033 504 3093 licet,
515 3052 564 3094 eos,
573 3035 615 3098 qui
626 3043 697 3084 anns
708 3035 838 3084 commodis
849 3035 945 3083 fuerunt

59 3102 172 3159 moribus,
184 3103 290 3165 imperio,
307 3109 430 3165 potestate,
446 3100 562 3166 prosperis
578 3103 654 3162 rebus,
665 3102 802 3161 immutari3
819 3101 945 3165 spemique

58 3171 89 3217 ab
107 3168 136 3217 iis
151 3177 241 3217 veteres
261 3168 384 3228 amicitias,
401 3168 520 3235 indulgeri
543 3169 620 3219 novis.
653 3168 720 3229 Quid
739 3177 820 3218 autem
840 3168 945 3226 stultius,

59 3251 140 3298 qusm,
157 3252 213 3284 cum
230 3235 361 3298 plurimum
377 3235 459 3299 copiis,
470 3236 629 3295 facultatibus,
647 3234 731 3300 opibus
747 3235 846 3300 possint,
862 3244 945 3284 estem

59 3317 149 3366 parare,
165 3318 218 3365 quse
237 3311 351 3366 parantur
367 3301 477 3366 pecunia,
494 3318 576 3366 equos,
588 3303 698 3362 famulos,
708 3311 799 3352 vastem
816 3302 944 3364 egregiam,

58 3385 116 3418 vass
127 3369 244 3433 pretiosa,
261 3369 350 3419 amieos
367 3385 416 3418 non
428 3385 517 3433 parare,
529 3370 644 3434 optimam
654 3379 679 3420 et
688 3369 873 3434 pulcherrimam
883 3369 944 3428 vitra,

57 3443 86 3485 ut
96 3436 131 3485 ita
141 3434 226 3495 diuam,
238 3436 428 3500 supellectileml
463 3435 570 3495 Iltenim,
581 3446 665 3487 enters
681 3453 736 3486 erim
751 3435 893 3501 paraetoni
905 3451 944 3499 pa·

57 3512 119 3564 rent,
137 3503 255 3564 nesciunt,
266 3520 312 3554 nec
328 3505 398 3569 eujus
414 3518 489 3554 sauss
504 3504 628 3556 laborentt
643 3505 699 3571 eins
712 3504 784 3554 emm
797 3503 960 3551 uniat-sm

997 3626 1026 3719 l
