2054 3946
70 206 123 258 120
379 198 427 246 na
453 199 638 247 orrrcrrs.

67 309 121 367 sihi
136 306 165 364 id
179 308 247 364 utile
263 307 397 374 futurum,
413 318 462 364 aut
478 317 565 373 metu,
581 325 617 364 ne
630 308 658 364 vi
679 325 782 382 parere
804 316 941 385 cogantur,

67 400 115 444 aut
128 407 179 462 spa
200 387 357 461 largitionis
383 387 590 462 promissisque
609 388 705 462 capti:
729 396 780 444 aul
794 400 941 463 postremo,

66 478 97 601 rpt
118 486 194 556 saepe
217 466 246 522 iu
268 478 364 523 nostra
384 467 530 542 republica
544 466 704 530 videmus*
726 466 861 525 mercede
884 484 942 525 con·

67 566 75 601 t
87 558 153 602 uetr.

68 673 156 730 (JAP.
180 673 247 730 Vll.
289 672 380 730 Nihil
400 672 598 750 periculosius
629 692 689 732 esse
716 692 810 751 quum
836 674 941 747 metuit

293 752 372 810 nihil
384 752 488 810 utilius
501 771 592 830 quum
606 754 714 812 amam.

106 863 232 921 Ounrmr
253 874 346 920 autern
367 882 461 921 rerum
482 883 536 921 nee
557 865 649 940 aptius
671 875 716 922 est
735 865 895 940 quidquam
913 862 943 923 ad

67 962 137 1018 opes
158 943 275 1000 tuendas
297 963 330 1000 ac
351 943 497 1010 tenendas,
519 963 606 1016 quam
626 944 719 1021 diligi,
740 964 797 1003 nee
817 944 943 1013 alieuius,

67 1043 152 1094 quam
168 1024 270 1080 timeri.
314 1023 454 1080 Praeclare
469 1024 602 1081 Ennius:

117 1133 197 1193 Quem
208 1140 326 1192 metuunt,
338 1133 420 1182 odere:
438 1149 510 1197 quem
524 1134 625 1198 quisque
637 1134 693 1193 odit,
704 1134 795 1199 perlem
806 1136 905 1200 expetit.

70 1236 224 1292 Multorum
246 1247 340 1292 autem
354 1235 427 1294 odiis
449 1237 541 1294 nullas
560 1256 629 1313 opes
650 1256 736 1313 posse
758 1237 909 1305 obsistere,
921 1236 944 1297 si

68 1327 149 1373 antea
169 1316 222 1372 suit
248 1316 386 1391 ignotum,
409 1335 500 1391 nuper
526 1329 570 1374 est
595 1318 751 1392 cognitum.
796 1318 863 1375 Nee
882 1334 946 1375 vero

68 1396 152 1471 hujus
178 1396 290 1470 tyranni
319 1396 422 1463 solum,
445 1414 530 1467 quem
557 1397 643 1452 armis
667 1414 807 1472 oppressa
834 1396 947 1473 pertulit

68 1476 176 1542 civitae,
196 1485 330 1550 paretque
352 1495 417 1532 cum
442 1476 567 1532 maxime
589 1476 726 1541 mortu0‚†
747 1476 880 1533 interitus
901 1474 946 1533 de·

68 1555 162 1620 clarat,
178 1566 313 1627 quantum
329 1555 425 1611 odium
443 1555 592 1612 hominum
607 1554 682 1611 valet
695 1554 730 1611 ad
745 1566 877 1631 pestem3
898 1554 946 1613 sed

68 1635 240 1706 reliquorum
262 1634 370 1690 similes
392 1635 485 1690 exitus
507 1645 702 1710 tyrannorum,
725 1653 849 1706 quorum
874 1634 946 1693 haud

68 1713 125 1770 fere
138 1715 287 1786 qnisquam
301 1714 384 1769 talem
398 1714 542 1770 interitum
554 1712 663 1789 effugit.
706 1714 803 1771 Malus
814 1725 859 1771 est
871 1716 946 1773 enim

68 1805 162 1849 custos
173 1794 362 1849 diuturnitatis
372 1803 474 1860 metus,
484 1804 637 1864 contraque
649 1794 946 1851 benevolentialidelis

69 1874 112 1928 vel
128 1872 162 1927 ad
176 1874 402 1948 perpetuitatem.

109 1952 166 2007 Sed
181 1953 226 2018 iis,
243 1954 291 2024 qui
307 1953 334 2009 vi
356 1971 509 2028 oppressos
534 1950 655 2026 imperio
669 1955 813 2020 coercent,
829 1952 868 2009 sit
881 1970 946 2009 sane

69 2031 227 2087 arlhibenda
247 2033 364 2098 saevitia,
379 2043 411 2088 ut
434 2032 510 2088 heris
524 2031 554 2087 in
569 2031 700 2097 famulos,
716 2031 741 2087 si
763 2031 846 2089 aliter
860 2030 946 2089 tested

69 2130 125 2167 nen
141 2122 270 2185 possunt.
312 2112 369 2177 Qui
384 2131 450 2167 vcro
466 2112 493 2167 in
509 2111 598 2166 libera
619 2111 730 2167 civitate
746 2111 785 2167 ita
799 2130 831 2167 se
847 2112 945 2169 instm·

69 2203 128 2256 rint,
146 2200 177 2246 ut
205 2202 372 2257 metuantur,
394 2191 439 2247 his
467 2190 539 2247 nihil
560 2200 655 2265 potest
681 2208 745 2245 esse
773 2188 944 2249 dementius.

69 2270 206 2336 lluamvis
234 2271 310 2325 enim
337 2269 472 2326 demersae
500 2269 558 2325 siut
584 2269 661 2345 leges
684 2269 804 2346 alicujus
833 2271 946 2346 opibus,-

68 2350 197 2421 quamvis
213 2348 370 2421 timelaetass
385 2349 507 2415 libertas,
526 2358 675 2425 emergunt
697 2359 791 2405 tamen
816 2350 880 2407 haee
900 2349 946 2407 ali·

68 2429 181 2501 quando
212 2439 259 2484 aut
278 2427 396 2504 judiciis
428 2429 529 2496 tacitis,
557 2437 605 2485 aut
628 2428 746 2485 occultis
779 2426 816 2485 de
839 2428 945 2487 honore

99 2589 246 2634 *Videmus
280 2586 366 2642 Again.
383 2587 438 2631 both
456 2586 597 2644 conjecture,
613 2588 733 2640 stctmcs,·
752 2587 777 2632 in
796 2586 877 2633 which
893 2588 944 2642 they

67 2656 104 2688 au
116 2642 247 2699 supported
258 2640 289 2696 by
301 2653 346 2685 one
358 2642 408 2685 MS.

395 2746 545 2790 CHAPTER
561 2747 616 2791 VII.

102 2835 113 2906 l·
126 2833 377 2889 Parelque-morlco.
411 2831 490 2876 These
502 2833 546 2875 five
555 2832 632 2876 words
643 2844 683 2876 are
695 2834 738 2876 not
749 2832 824 2876 found
834 2832 860 2877 in
873 2842 943 2888 many

66 2890 134 2933 llas.
147 2888 193 2931 and
205 2888 269 2940 early
280 2886 394 2929 editions:
413 2884 491 2928 where
502 2886 584 2939 found,
597 2886 652 2940 they
665 2898 704 2930 are
716 2885 836 2948 variously
845 2887 943 2931 written.

67 2941 176 2984 lt‘lretlrer
196 2941 234 2983 the
270 2939 298 2982 be
321 2939 425 2992 genuine
444 2950 470 2981 or
489 2943 538 2987 not,
556 2943 621 2982 must
636 2939 750 2983 therefore
771 2938 802 2983 be
819 2951 848 2983 in
867 2939 943 2985 doubt.

66 2992 133 3045 'l'lroy
146 2953 258 3047 probahdy
270 2992 329 3035 refer
341 2995 364 3033 to
376 2990 415 3034 the
428 2991 554 3035 obedienec
565 2992 621 3046 pald
633 2992 692 3035 alter
704 2992 803 3053 Caesar’s
816 2992 893 3045 death,
904 2994 945 3037 nol

66 3045 123 3098 only
135 3049 159 3088 to
171 3046 207 3087 his
219 3047 266 3089 real
284 3044 413 3097 mandates,
425 3043 468 3088 but
479 3048 503 3087 to
520 3057 584 3088 some
602 3044 720 3100 produced
741 3057 766 3087 m
778 3044 815 3088 his
833 3058 904 3091 name
914 3045 944 3101 by

67 3098 99 3140 M.
110 3100 215 3150 antony,
227 3097 303 3141 which
316 3109 377 3140 were
389 3098 509 3151 generally
521 3109 549 3140 su
568 3097 640 3151 posed
654 3102 678 3141 to
692 3097 719 3142 be
731 3098 767 3141 for
783 3099 850 3144 eries.

99 3155 110 3199 ὲ
126 3149 259 3204 Tinwfncle.
293 3151 320 3194 In
333 3162 406 3203 many
414 3149 520 3193 valuable
559 3152 603 3203 SS„
612 3151 659 3195 aud
671 3151 757 3206 earlye
775 3151 855 3207 itione,
866 3153 944 3199 sums

60 3202 149 3251 mesa:
168 3202 244 3248 which
256 3203 355 3260 reading
368 3203 495 3249 Faeeioluti
505 3204 602 3259 prelers.
