2054 3946
91 153 150 207 248
377 145 424 190 us
450 146 693 193 sexectute

90 256 161 305 ficiet
181 255 253 305 hodio
269 255 400 316 nonaginta
411 269 488 302 annos
504 262 591 303 nutus:
607 272 663 304 cum
680 255 803 316 ingressus
819 254 866 304 iter
880 256 978 320 podibus

91 323 128 381 sit,
140 324 165 372 in
178 339 267 386 equum
277 322 376 370 omnino
387 338 437 369 non
448 322 603 380 absocxxler03
621 339 677 370 oum
685 338 754 384 equo,
763 338 794 370 ex
806 339 870 384 equo
879 340 929 372 non
940 324 979 372 de-

91 392 219 448 soeudere3
236 391 303 438 nullo
319 389 399 445 imbre,
411 389 478 436 nullo
496 389 580 449 frigore
596 389 689 445 adduci,
701 397 728 436 ut
745 389 823 451 texite
840 400 922 453 operto
934 391 979 448 sit;

91 473 210 506 summam
221 457 248 504 in
259 472 288 504 eo
295 472 346 504 esse
358 454 462 517 eorporis
470 455 616 513 siccitatem
630 456 710 518 itaque
721 456 821 517 exsequi
829 457 911 505 omnia
918 458 981 518 regis

91 525 170 572 officia
181 533 205 572 et
221 539 328 572 munem.
362 522 445 570 Potest
461 521 533 582 igitur
544 522 680 571 exercitatio
695 531 719 570 et
731 525 896 586 temperuxtiu,
908 525 980 575 etism

91 591 118 640 iu
129 598 257 649 senectute,
269 605 407 637 eoxuexvure
419 588 508 652 aliqmtl
522 588 616 653 prmum
627 589 724 638 roboris

124 724 170 772 xl.
186 724 245 772 Non
262 730 319 772 sunt
330 723 354 771 in
367 731 490 772 senectute
503 724 582 773 viresl
599 740 630 772 ne
641 725 793 786 postulantur
802 724 903 788 quidem
919 727 981 776 vires

92 807 107 840 ι
118 799 247 840 senectute.
280 791 353 851 Ergo,
365 799 389 838 et
400 791 491 852 legibus
508 799 532 839 et
548 791 669 848 imtitutis,
681 800 750 839 vocat
761 799 817 840 eus
835 800 917 841 nostra
928 809 980 842 mu·

92 858 189 906 neribus
203 858 239 915 iis
252 873 304 920 que
321 873 370 905 non
390 866 492 921 possunt
508 860 560 906 siue
576 858 665 907 viribus
682 858 808 907 sustineri:
832 859 914 922 itaque
929 875 980 910 non

91 925 170 982 modo,
181 925 245 987 quod
261 941 311 973 non
333 940 468 988 possumus,
485 925 527 973 sed
544 941 578 974 ue
590 932 709 988 quantum
730 941 860 988 possamus
875 927 981 989 quidem,

92 1007 208 1053 cogimur.

125 1059 161 1107 At
177 1059 210 1107 its
227 1059 297 1107 multi
314 1065 371 1106 sunt
388 1058 500 1108 imbecilli
511 1074 586 1117 senes
596 1067 625 1108 ut
636 1061 731 1108 nullum
741 1059 815 1109 officii
826 1068 869 1109 aut
880 1060 980 1110 omuino

78 1125 146 1174 me
157 1142 248 1174 munus
258 1125 357 1187 exsequi
369 1134 476 1189 possunt.
511 1127 546 1174 At
556 1127 581 1174 ixl
592 1127 689 1188 quidem
700 1142 749 1174 non
761 1127 886 1190 proprium
899 1144 980 1177 senec-

91 1191 152 1240 tutis
161 1202 198 1241 est
208 1193 300 1250 vitium,
312 1192 353 1240 sed
363 1208 493 1243 commune
503 1193 653 1242 valetudinis.
686 1193 767 1252 Quam
783 1193 830 1243 fu's
846 1194 981 1245 imbecillus

92 1258 122 1308 Ρ.
130 1259 237 1308 Africani
248 1259 319 1316 filius,
331 1259 353 1306 is
364 1260 405 1322 qui
416 1267 439 1309 te
451 1260 586 1324 adoptavit!
602 1276 675 1321 quam
685 1261 760 1317 tenui,
769 1270 811 1309 out
822 1263 891 1311 nulla
900 1262 980 1325 mnus

92 1327 246 1375 valetudiue!
263 1327 327 1388 quod
338 1327 364 1374 ni
375 1327 408 1374 ita
418 1327 509 1384 fuisset,
518 1329 619 1375 ultorum
630 1327 672 1375 illo
681 1327 811 1376 exstitisset
828 1329 913 1376 lumen
923 1329 979 1377 eivi-

91 1393 161 1441 tatis:
185 1395 214 1442 ad
233 1401 356 1457 putentem
376 1394 441 1443 enim
459 1393 648 1455 magnitudinem
664 1393 745 1451 annm,
761 1394 870 1443 ‹lectt-im
886 1396 978 1444 uberior

92 1469 230 1509 secessexut.
252 1459 318 1519 Quid
328 1461 415 1508 mirum
427 1460 499 1521 igitur
507 1461 533 1508 in
541 1460 644 1517 senibus,
653 1460 674 1507 si
682 1460 770 1508 infirmi
777 1470 836 1510 sus
843 1463 980 1525 aliquando,

92 1543 148 1575 eum
165 1544 197 1576 ne
207 1528 230 1576 iu
243 1528 340 1590 quidem
356 1527 516 1576 ulobscentes
533 1525 638 1587 effugere
656 1527 766 1589 pessimi
802 1528 979 1588 Redstondum,

92 1593 151 1642 lati
162 1603 186 1642 et
197 1594 286 1657 Scipio,
297 1596 413 1642 senectuti
424 1602 473 1653 est3
491 1596 590 1658 ejusque
600 1593 658 1642 vitio
667 1593 792 1654 diligentis
801 1598 978 1658 compensando

92 1669 156 1709 sunt.
190 1661 360 1722 Rxgxxurxlum,
375 1668 496 1723 tamquam
515 1670 599 1709 comta
615 1662 732 1718 usarbiun,
744 1661 779 1711 sic
797 1671 882 1711 conus
898 1679 979 1713 senoo-

94 1735 179 1776 tutem.

126 1795 244 1843 Habenda
260 1795 321 1842 ratio
331 1795 487 1842 valetulinis:
505 1794 624 1843 utendum
639 1793 848 1843 exereitationiuus
864 1797 978 1845 mulinis:

92 1867 187 1909 tautum
197 1861 243 1909 eibi
254 1870 278 1910 et
289 1861 393 1924 potiolus
404 1863 571 1918 adbibemlum,
584 1869 610 1910 ut
622 1861 757 1909 reuelante
764 1863 832 1920 vires,
840 1879 892 1911 non
901 1864 978 1926 oppii·

93 1935 196 1975 mantus.
229 1928 282 1976 Nee
295 1944 349 1976 vero
360 1929 451 1991 comori
464 1928 508 1977 soli
519 1927 709 1976 subveniendum
716 1938 759 1986 est,
770 1930 812 1977 sexi
824 1930 900 1978 menti
908 1940 978 1992 atquo

92 1993 173 2042 snimo
185 1995 260 2042 multo
272 1995 362 2056 magis:
378 2012 434 2043 num
445 1996 496 2043 hmo
504 2010 605 2057 quoque,
617 1994 663 2042 nisi
675 1996 978 2057 tumquomluminioleum

92 2059 198 2117 instilles,
217 2062 404 2121 exstinguuntur
419 2070 549 2110 sexectute.
581 2061 615 2109 Et
634 2078 731 2124 corpora
749 2064 847 2125 quidem
865 2064 978 2124 delunga-

92 2125 157 2175 tione
168 2135 192 2175 et
208 2128 374 2175 exercitatione
391 2128 572 2190 ingravescunt3
590 2128 665 2176 uxumi
681 2138 762 2177 eutem
777 2130 930 2179 exercitando
947 2131 978 2178 le·

92 2202 191 2242 vantur:
207 2210 271 2251 nam,
281 2210 341 2255 quos
348 2194 380 2241 ait
390 2194 501 2243 Caecilius
513 2202 526 2224 “
535 2195 638 2242 comicos
648 2196 734 2242 stultos
744 2196 839 2254 senes,''
849 2198 896 2245 hos
905 2197 978 2258 signi·

92 2261 148 2309 ficat
159 2261 273 2317 cmdulos,
281 2261 412 2318 obliviosos,
422 2263 563 2318 dissolutos;
580 2278 632 2323 quae
644 2262 701 2309 vitiu
711 2270 768 2310 sunt
780 2280 829 2311 non
841 2264 978 2321 senectutis,

92 2328 135 2376 sed
158 2328 247 2385 inertis,
267 2329 365 2388 ignave,
382 2330 546 2376 somniculose
568 2329 705 2376 senectutis.
737 2329 772 2378 Ut
793 2332 932 2392 petulentia,
952 2339 976 2378 ut

93 2395 175 2454 bbido,
183 2396 259 2455 magis
269 2404 305 2442 est
313 2396 506 2452 adoleseenbum,
516 2412 586 2457 quam
599 2411 701 2452 senum3
719 2412 763 2443 nec
775 2405 854 2445 tamen
867 2399 978 2447 omnium
996 2398 999 2405 '

92 2463 283 2519 adolescentium,
296 2463 337 2509 sed
354 2478 403 2509 non
422 2464 561 2524 proborum
579 2462 615 2510 sie
633 2462 678 2510 ista
694 2463 778 2511 senilis
793 2464 894 2512 stultitia
913 2465 978 2527 (qnos

91 2529 199 2577 deliratio
210 2529 322 2591 appellari
334 2531 404 2592 solet)
419 2545 503 2576 senmn
517 2529 603 2576 levium
616 2537 658 2586 est,
671 2545 720 2576 non
731 2530 848 2578 onmium.

125 2596 237 2654 Quatuor
253 2598 360 2644 robustos
377 2596 445 2653 filios,
462 2596 567 2657 quinque
587 2595 654 2653 tilius,
671 2605 761 2645 tantam
781 2598 887 2655 deinum,
900 2606 980 2646 tantas

55 2707 58 2712 .
92 2662 220 2719 clientelas,
233 2663 327 2724 Appius
339 2664 439 2722 regebat,
452 2671 475 2710 ot
486 2679 559 2710 senex
572 2671 596 2710 et
606 2679 698 2710 cecus:
713 2663 833 2713 intentum
844 2665 910 2713 enim
927 2665 978 2713 ani·

79 2744 166 2786 -mum,
183 2738 305 2792 tamquam
324 2747 412 2786 arcum,
432 2730 545 2785 habebat,
571 2745 616 2777 nee
634 2731 792 2790 languescens
808 2734 977 2780 succumbebat

91 2797 214 2845 senectuti.
249 2797 357 2844 Tenebat
374 2813 424 2844 non
441 2795 512 2845 modo
523 2797 693 2855 auctoritatem,
705 2798 830 2846 sedetiam
841 2798 977 2860 ixixpcrium,

91 2863 199 2916 insuos:
217 2865 353 2911 metuebant
371 2863 444 2920 servi3
462 2865 601 2912 verebuntur
613 2864 695 2920 libem,
711 2881 792 2912 curum
805 2881 891 2913 otnnes
907 2866 976 2914 habe·

91 2928 165 2977 bant:
181 2930 275 2990 vigebat
286 2931 312 2976 in
323 2931 363 2978 illa
374 2931 444 2978 domo
456 2929 544 2992 patrius
556 2939 643 2978 mosot
654 2928 793 2993 disciplina.¹

124 2995 160 3043 Itu
171 2997 235 3044 enim
253 3005 362 3044 senectus
378 2998 478 3044 honesta
495 3006 538 3054 est,
550 2997 571 3044 si
582 3015 609 3044 se
619 3013 671 3059 ipsa
688 2999 831 3055 defendit‚si
846 2999 889 3062 jus
905 3015 977 3047 stium

82 3061 177 3121 Retinet
189 3063 213 3112 si
222 3063 318 3112 nemini
334 3065 483 3127 entareipnta
499 3073 541 3117 est,
554 3063 574 3111 si
587 3080 661 3125 usquo
673 3065 702 3112 ml
713 3073 847 3114 extmmum
866 3065 977 3129 spiritum

60 3084 219 3312 rantur
228 3133 258 3183 in
268 3150 339 3184 sexos.
375 3132 409 3184 Ut
419 3132 487 3183 euim
497 3130 712 3190 stamnum
720 3147 770 3194 ouo
784 3133 862 3181 senile
878 3132 977 3196 eliquit,
