2054 3946
347 508 417 555 ern
436 507 456 552 1.
486 508 565 554 ear.
587 507 696 553 xxxv
924 515 961 570 qq

78 627 215 693 pareant:
241 635 419 689 quarumque
443 617 564 692 partium
589 618 717 693 eorporis
739 636 808 675 usus
829 627 896 674 suut
916 637 963 674 ne-

77 697 211 764 cessarii,
233 715 280 753 eas
307 715 400 768 neque
426 708 530 772 partes,
554 715 646 768 neque
672 715 770 753 earum
804 716 872 754 usus
902 700 963 753 suis

78 777 247 833 nominibus
268 777 429 852 appellant:
452 775 586 847 quodque
606 775 698 833 lacere
723 787 803 852 turpe
828 796 885 833 non
908 788 962 842 est,

80 854 170 913 modo
191 855 313 921 occulte,
330 855 359 912 id
380 855 473 912 dicere
495 857 663 912 obscoenum
689 865 743 911 est.
785 856 882 928 ltaque
911 875 963 912 nee

78 946 180 1010 aperta
198 936 272 991 aetio
292 953 385 991 rerum
407 934 517 991 illarum
532 934 687 1010 petulantia
701 946 790 1003 vacat,
806 955 858 993 neo
872 936 962 992 oratio

79 1014 296 1071 obscenitate*

121 1093 187 1150 Nee
208 1112 275 1150 vero
298 1091 432 1149 audiendi
452 1101 519 1148 sunt
539 1090 657 1167 Cynici,
673 1104 721 1149 aut
739 1094 765 1149 ei
785 1094 835 1165 qni
851 1093 963 1150 suerunt

80 1170 173 1228 Stoici
200 1191 281 1248 paene
310 1171 441 1248 Gyniei‚†
466 1173 515 1244 qui
542 1172 754 1247 reprehendunt
780 1183 808 1229 et
835 1174 961 1232 irrident.

81 1251 158 1323 quod
174 1270 219 1318 ea,
236 1271 298 1323 quaa
320 1252 413 1327 turpia
432 1270 461 1307 re
484 1269 540 1307 non
561 1252 628 1318 siut,
643 1253 806 1308 nominibus
820 1272 853 1308 ao
868 1253 962 1308 verbis

81 1330 223 1406 flagitiosa
243 1330 400 1388 ducamus:
430 1331 478 1386 illa
503 1342 608 1397 autern,
625 1349 686 1402 quae
710 1333 801 1406 turpia
820 1343 897 1398 sunt,
913 1351 962 1387 no-

79 1411 206 1466 minibus
221 1411 398 1486 appellemus
419 1410 489 1466 suis.
532 1409 716 1476 Latrocinari‚
732 1410 869 1477 fraudare,
885 1411 962 1467 adul·

78 1500 181 1556 teram,
197 1509 227 1546 re
251 1501 330 1565 turpe
352 1499 405 1556 est,
420 1488 470 1546 sed
491 1489 594 1546 dieitur
614 1508 671 1546 non
693 1491 841 1546 obscoene:
864 1491 961 1547 liberis

77 1567 146 1624 dare
172 1587 299 1644 operam,
322 1587 352 1625 re
379 1569 530 1626 honesturn
555 1579 608 1633 est,
632 1570 748 1625 nomine
773 1571 959 1626 obsooenum:

46 1676 50 1685 ·
77 1647 218 1723 pluraque
242 1648 272 1704 in
296 1667 358 1704 eam
382 1649 550 1704 sententiam
575 1648 609 1703 ab
634 1647 745 1707 eisdem
767 1660 864 1704 eontra
884 1667 962 1704 vere·

74 1725 213 1783 cundiam
226 1727 414 1802 disputantur.
456 1728 520 1784 Nos
542 1738 636 1783 autem
656 1740 783 1784 naturam
795 1746 960 1799 sequamur.

75 1817 107 1863 et
131 1807 167 1862 ab
194 1807 283 1874 omni,
300 1805 376 1878 quod
402 1807 535 1864 abhorret
558 1807 593 1862 ab
619 1808 768 1863 oculorum
793 1808 961 1877 auriumque

74 1886 294 1961 approbatione,
312 1885 464 1962 fugiamus.
512 1886 622 1963 Status,
637 1887 778 1952 incessus,
799 1887 902 1949 sessio,
918 1904 962 1941 ao·

74 1965 215 2038 enbitio‚‡
238 1965 340 2031 vultus,
366 1965 453 2029 oculi,
472 1984 609 2022 manuum
633 1977 738 2031 motus,
757 1974 871 2022 teneant
890 1963 961 2020 illud

76 2043 227 2100 decorum.

118 2123 230 2188 Quibus
254 2123 285 2180 in
309 2124 392 2180 rebus
420 2123 476 2180 duo
502 2123 626 2179 maxime
651 2133 719 2179 sunt
743 2121 896 2198 fugienda3
924 2141 961 2178 ne

74 2201 148 2272 quid
168 2202 361 2259 effeminatum
389 2213 438 2259 aut
462 2202 558 2267 molle,
579 2211 608 2257 et
633 2221 668 2258 ne
697 2202 764 2273 quid
788 2201 889 2258 durum
914 2212 962 2258 aut

77 2281 215 2338 rusticum
245 2283 292 2339 sit.
348 2282 412 2338 Nee
439 2300 506 2337 vero
533 2281 718 2337 histrionibus
745 2281 961 2352 oratoribusque

75 2359 292 2417 eoncedendum
315 2371 368 2426 eet,
389 2371 422 2416 ut
442 2361 480 2416 iis
505 2360 567 2416 haee
589 2371 655 2435 apta
680 2361 747 2426 sint,
761 2361 844 2416 nobis
869 2361 961 2417 disso-

76 2439 145 2496 luta.
188 2440 373 2496 Scenitarum
400 2439 516 2510 quidem
537 2459 600 2496 mos
628 2448 733 2496 tantam
759 2441 845 2496 habet
865 2452 960 2496 vetere

77 2518 232 2594 disciplina
252 2518 462 2585 verecundiam,
477 2520 551 2575 utin
566 2538 680 2575 scenam
702 2520 764 2575 eine
784 2519 961 2594 subligaculo

77 2597 197 2672 prodeat
216 2616 311 2654 nemo,
354 2599 496 2655 Verentur
515 2599 603 2665 enirn,
619 2618 665 2665 ne,
680 2600 706 2654 si
727 2618 783 2670 quo
805 2618 872 2654 casu
897 2617 961 2654 eve·

77 2677 161 2742 uerit,
183 2688 216 2733 ut
242 2678 369 2753 eorporis
398 2689 492 2754 partes
520 2677 647 2748 quaedam
676 2679 862 2754 asperiantur,
887 2678 961 2752 aspi·

75 2755 188 2814 riantur
214 2775 271 2814 non
295 2756 408 2814 decore.
452 2757 559 2814 Nostro
581 2757 697 2829 quidem
719 2776 799 2814 moro
821 2775 888 2813 curn
912 2775 961 2831 pa·

109 2950 123 2978 *
137 2945 216 2991 Oratio
227 2945 368 2991 obscenitate.
401 2945 453 2990 Tire
467 2945 577 3000 ordinary
588 2945 692 2999 reading,
703 2944 814 2989 aratinus
826 2941 960 3004 obscenitas,

74 2999 95 3044 is
107 2998 218 3043 followed
232 2999 262 3052 by
273 2999 312 3042 the
330 2998 490 3052 Heusingers:
506 2999 546 3042 the
564 3003 665 3052 present,
677 2998 755 3059 wbieh
773 2996 897 3041 Faocrolatr
912 2995 960 3038 and

73 3048 960 3166 latiur¹¹15,thut„estuut⁰tttluultttlt⁰ualltab⁰tss·

73 3170 146 3215 neers
158 3162 183 3201 to
195 3162 263 3201 nient
273 3158 312 3200 the
323 3157 466 3212 preferenee.
478 3210 483 3219 1
795 3208 799 3216 .

107 3210 212 3267 †Pame
223 3210 312 3265 cynice
346 3212 416 3272 §orne
435 3212 511 3255 sanes
522 3210 624 3254 adhered
639 3212 664 3254 to
682 3208 722 3252 the
739 3209 814 3262 cynre
831 3210 903 3269 tonet.
914 3219 960 3253 auo

70 3274 383 3372 u„
401 3319 407 3341 ι
425 3319 429 3334 ,
448 3262 959 3362 effrem

75 3371 258 3474 minctum.
298 3414 490 3484 tractoriam,
498 3421 546 3466 ana
557 3421 685 3484 permeet
719 3420 957 3482 rneeecprouspoe

66 3476 191 3571 mitte
202 3475 546 3588 reeomrnepeggdpfflebsys
556 3473 728 3576 &ntupum
734 3475 762 3518 of
774 3475 889 3529 roehnrng
897 3485 931 3517 on
941 3486 955 3517 a
