<?xml version="1.0" encoding="UTF-8"?>
<!DOCTYPE html PUBLIC "-//W3C//DTD XHTML 1.0 Transitional//EN"
    "http://www.w3.org/TR/xhtml1/DTD/xhtml1-transitional.dtd">
<html xmlns="http://www.w3.org/1999/xhtml" xml:lang="en" lang="en">
 <head>
  <title>
</title>
<meta http-equiv="Content-Type" content="text/html;charset=utf-8" />
  <meta name='ocr-system' content='tesseract 3.04.00' />
  <meta name='ocr-capabilities' content='ocr_page ocr_carea ocr_par ocr_line ocrx_word'/>
</head>
<body>
  <div class='ocr_page' id='page_1' title='image "./mtulliiciceroni41cicegoog/mtulliiciceroni41cicegoog_0069.png"; bbox 0 0 2054 3946; ppageno 0'>
   <div class='ocr_carea' id='block_1_1' title="bbox 90 186 662 251">
    <p class='ocr_par' dir='ltr' id='par_1_1' title="bbox 90 186 662 251">
     <span class='ocr_line' id='line_1_1' title="bbox 90 186 662 251; baseline -0.003 -19"><span class='ocrx_word' id='word_1_1' title='bbox 90 197 126 251; x_wconf 77' lang='lat'>58</span> <span class='ocrx_word' id='word_1_2' title='bbox 402 187 451 232; x_wconf 80' lang='lat' dir='ltr'>oa</span> <span class='ocrx_word' id='word_1_3' title='bbox 476 186 662 232; x_wconf 80' lang='lat' dir='ltr'>oraretis.</span> 
     </span>
    </p>
   </div>
   <div class='ocr_carea' id='block_1_2' title="bbox 91 294 976 1558">
    <p class='ocr_par' dir='ltr' id='par_1_2' title="bbox 91 294 971 450">
     <span class='ocr_line' id='line_1_2' title="bbox 91 294 971 374; baseline -0.003 -18"><span class='ocrx_word' id='word_1_4' title='bbox 91 317 146 356; x_wconf 91' lang='lat' dir='ltr'>non</span> <span class='ocrx_word' id='word_1_5' title='bbox 175 296 340 374; x_wconf 88' lang='lat' dir='ltr'>accipienda</span> <span class='ocrx_word' id='word_1_6' title='bbox 368 295 519 359; x_wconf 90' lang='lat' dir='ltr'>interdum,</span> <span class='ocrx_word' id='word_1_7' title='bbox 547 306 595 353; x_wconf 90' lang='lat' dir='ltr'>aut</span> <span class='ocrx_word' id='word_1_8' title='bbox 621 294 792 371; x_wconf 87' lang='lat' dir='ltr'>deponenda</span> <span class='ocrx_word' id='word_1_9' title='bbox 816 313 876 353; x_wconf 88' lang='lat' dir='ltr'>non</span> <span class='ocrx_word' id='word_1_10' title='bbox 902 312 971 353; x_wconf 88' lang='lat' dir='ltr'>nun·</span> 
     </span>
     <span class='ocr_line' id='line_1_3' title="bbox 91 396 187 450; baseline -0.021 -16"><span class='ocrx_word' id='word_1_11' title='bbox 91 396 187 450; x_wconf 83' lang='lat' dir='ltr'>quam.</span> 
     </span>
    </p>

    <p class='ocr_par' dir='ltr' id='par_1_3' title="bbox 91 455 976 1558">
     <span class='ocr_line' id='line_1_4' title="bbox 130 455 971 530; baseline 0.001 -18"><span class='ocrx_word' id='word_1_12' title='bbox 130 456 296 513; x_wconf 88' lang='lat' dir='ltr'>Vacandum</span> <span class='ocrx_word' id='word_1_13' title='bbox 311 465 405 512; x_wconf 90' lang='lat' dir='ltr'>autem</span> <span class='ocrx_word' id='word_1_14' title='bbox 420 457 498 512; x_wconf 93' lang='lat' dir='ltr'>omni</span> <span class='ocrx_word' id='word_1_15' title='bbox 514 466 558 512; x_wconf 88' lang='lat' dir='ltr'>est</span> <span class='ocrx_word' id='word_1_16' title='bbox 572 456 659 512; x_wconf 90' lang='lat' dir='ltr'>animi</span> <span class='ocrx_word' id='word_1_17' title='bbox 674 455 898 530; x_wconf 83' lang='lat' dir='ltr'>perturbatione,</span> <span class='ocrx_word' id='word_1_18' title='bbox 913 463 971 513; x_wconf 84' lang='lat' dir='ltr'>tum</span> 
     </span>
     <span class='ocr_line' id='line_1_5' title="bbox 91 535 971 611; baseline -0.001 -19"><span class='ocrx_word' id='word_1_19' title='bbox 91 536 243 611; x_wconf 89' lang='lat' dir='ltr'>cupiditate</span> <span class='ocrx_word' id='word_1_20' title='bbox 266 548 294 592; x_wconf 90' lang='lat' dir='ltr'>et</span> <span class='ocrx_word' id='word_1_21' title='bbox 313 548 401 601; x_wconf 87' lang='lat' dir='ltr'>metu,</span> <span class='ocrx_word' id='word_1_22' title='bbox 418 545 476 591; x_wconf 91' lang='lat' dir='ltr'>tum</span> <span class='ocrx_word' id='word_1_23' title='bbox 498 537 582 592; x_wconf 88' lang='lat' dir='ltr'>etiam</span> <span class='ocrx_word' id='word_1_24' title='bbox 605 535 771 610; x_wconf 71' lang='lat' dir='ltr'>aegritudine</span> <span class='ocrx_word' id='word_1_25' title='bbox 785 544 814 591; x_wconf 87' lang='lat' dir='ltr'>et</span> <span class='ocrx_word' id='word_1_26' title='bbox 827 535 971 610; x_wconf 83' lang='lat' dir='ltr'>voluptate</span> 
     </span>
     <span class='ocr_line' id='line_1_6' title="bbox 93 614 971 694; baseline 0.001 -22"><span class='ocrx_word' id='word_1_27' title='bbox 93 615 226 694; x_wconf 67' lang='lat' dir='ltr'>[auimh]</span> <span class='ocrx_word' id='word_1_28' title='bbox 242 628 270 671; x_wconf 90' lang='lat' dir='ltr'>ct</span> <span class='ocrx_word' id='word_1_29' title='bbox 284 615 449 681; x_wconf 85' lang='lat' dir='ltr'>iracundia;</span> <span class='ocrx_word' id='word_1_30' title='bbox 473 626 503 672; x_wconf 94' lang='lat' dir='ltr'>ut</span> <span class='ocrx_word' id='word_1_31' title='bbox 517 614 705 685; x_wconf 86' lang='lat' dir='ltr'>tranquillitas</span> <span class='ocrx_word' id='word_1_32' title='bbox 726 614 833 672; x_wconf 71' lang='lat' dir='ltr'>animi*</span> <span class='ocrx_word' id='word_1_33' title='bbox 852 624 882 671; x_wconf 87' lang='lat' dir='ltr'>et</span> <span class='ocrx_word' id='word_1_34' title='bbox 895 632 971 673; x_wconf 77' lang='lat' dir='ltr'>secu·</span> 
     </span>
     <span class='ocr_line' id='line_1_7' title="bbox 92 694 972 771; baseline -0.001 -19"><span class='ocrx_word' id='word_1_35' title='bbox 92 697 158 752; x_wconf 86' lang='lat' dir='ltr'>ritas</span> <span class='ocrx_word' id='word_1_36' title='bbox 174 696 257 761; x_wconf 86' lang='lat' dir='ltr'>adsit,</span> <span class='ocrx_word' id='word_1_37' title='bbox 273 715 336 766; x_wconf 87' lang='lat' dir='ltr'>qnae</span> <span class='ocrx_word' id='word_1_38' title='bbox 352 695 433 750; x_wconf 81' lang='lat' dir='ltr'>affert</span> <span class='ocrx_word' id='word_1_39' title='bbox 446 714 511 751; x_wconf 90' lang='lat' dir='ltr'>eum</span> <span class='ocrx_word' id='word_1_40' title='bbox 528 695 727 760; x_wconf 87' lang='lat' dir='ltr'>constantiam,</span> <span class='ocrx_word' id='word_1_41' title='bbox 741 704 799 750; x_wconf 89' lang='lat' dir='ltr'>turn</span> <span class='ocrx_word' id='word_1_42' title='bbox 813 695 902 751; x_wconf 87' lang='lat' dir='ltr'>etiam</span> <span class='ocrx_word' id='word_1_43' title='bbox 916 694 972 771; x_wconf 80' lang='lat' dir='ltr'>dig·</span> 
     </span>
     <span class='ocr_line' id='line_1_8' title="bbox 94 774 971 846; baseline 0 -15"><span class='ocrx_word' id='word_1_44' title='bbox 94 776 221 832; x_wconf 89' lang='lat' dir='ltr'>nitatem.</span> <span class='ocrx_word' id='word_1_45' title='bbox 264 775 351 832; x_wconf 93' lang='lat' dir='ltr'>Multi</span> <span class='ocrx_word' id='word_1_46' title='bbox 372 784 464 830; x_wconf 89' lang='lat' dir='ltr'>autem</span> <span class='ocrx_word' id='word_1_47' title='bbox 487 787 516 831; x_wconf 90' lang='lat' dir='ltr'>et</span> <span class='ocrx_word' id='word_1_48' title='bbox 536 785 611 840; x_wconf 88' lang='lat' dir='ltr'>sunt,</span> <span class='ocrx_word' id='word_1_49' title='bbox 633 783 662 831; x_wconf 91' lang='lat' dir='ltr'>et</span> <span class='ocrx_word' id='word_1_50' title='bbox 681 774 805 841; x_wconf 87' lang='lat' dir='ltr'>fuerunt,</span> <span class='ocrx_word' id='word_1_51' title='bbox 829 774 881 846; x_wconf 88' lang='lat' dir='ltr'>qui</span> <span class='ocrx_word' id='word_1_52' title='bbox 900 792 971 841; x_wconf 84' lang='lat' dir='ltr'>ectu,</span> 
     </span>
     <span class='ocr_line' id='line_1_9' title="bbox 93 852 973 929; baseline 0 -18"><span class='ocrx_word' id='word_1_53' title='bbox 93 873 175 926; x_wconf 88' lang='lat' dir='ltr'>quam</span> <span class='ocrx_word' id='word_1_54' title='bbox 192 854 255 911; x_wconf 90' lang='lat' dir='ltr'>dico</span> <span class='ocrx_word' id='word_1_55' title='bbox 272 854 502 925; x_wconf 63' lang='lat' dir='ltr'>tranquillitatem</span> <span class='ocrx_word' id='word_1_56' title='bbox 517 864 694 928; x_wconf 74' lang='lat' dir='ltr'>expetentes,</span> <span class='ocrx_word' id='word_1_57' title='bbox 710 854 864 928; x_wconf 82' lang='lat' dir='ltr'>anegotiis</span> <span class='ocrx_word' id='word_1_58' title='bbox 885 852 973 929; x_wconf 89' lang='lat' dir='ltr'>publi·</span> 
     </span>
     <span class='ocr_line' id='line_1_10' title="bbox 92 932 974 1008; baseline 0.002 -19"><span class='ocrx_word' id='word_1_59' title='bbox 92 935 133 991; x_wconf 88' lang='lat' dir='ltr'>eis</span> <span class='ocrx_word' id='word_1_60' title='bbox 149 953 180 990; x_wconf 91' lang='lat' dir='ltr'>se</span> <span class='ocrx_word' id='word_1_61' title='bbox 194 944 384 1000; x_wconf 88' lang='lat' dir='ltr'>removerunt,</span> <span class='ocrx_word' id='word_1_62' title='bbox 400 933 435 989; x_wconf 92' lang='lat' dir='ltr'>ad</span> <span class='ocrx_word' id='word_1_63' title='bbox 450 933 597 1004; x_wconf 89' lang='lat' dir='ltr'>otiumque</span> <span class='ocrx_word' id='word_1_64' title='bbox 611 932 805 1008; x_wconf 83' lang='lat' dir='ltr'>perfugerant.</span> <span class='ocrx_word' id='word_1_65' title='bbox 841 933 878 991; x_wconf 93' lang='lat' dir='ltr'>In</span> <span class='ocrx_word' id='word_1_66' title='bbox 892 934 937 991; x_wconf 82' lang='lat' dir='ltr'>his</span> <span class='ocrx_word' id='word_1_67' title='bbox 948 942 974 991; x_wconf 84' lang='lat' dir='ltr'>et</span> 
     </span>
     <span class='ocr_line' id='line_1_11' title="bbox 93 1012 973 1088; baseline 0 -17"><span class='ocrx_word' id='word_1_68' title='bbox 93 1014 265 1071; x_wconf 85' lang='lat' dir='ltr'>nobilissimi</span> <span class='ocrx_word' id='word_1_69' title='bbox 286 1013 466 1088; x_wconf 90' lang='lat' dir='ltr'>philosophi†</span> <span class='ocrx_word' id='word_1_70' title='bbox 480 1013 622 1087; x_wconf 86' lang='lat' dir='ltr'>longeque</span> <span class='ocrx_word' id='word_1_71' title='bbox 644 1012 799 1088; x_wconf 85' lang='lat' dir='ltr'>principes,</span> <span class='ocrx_word' id='word_1_72' title='bbox 816 1012 973 1085; x_wconf 79' lang='lat' dir='ltr'>etquidem</span> 
     </span>
     <span class='ocr_line' id='line_1_12' title="bbox 94 1091 974 1171; baseline -0.001 -21"><span class='ocrx_word' id='word_1_73' title='bbox 94 1092 192 1150; x_wconf 85' lang='lat' dir='ltr'>homin</span> <span class='ocrx_word' id='word_1_74' title='bbox 215 1094 338 1148; x_wconf 87' lang='lat' dir='ltr'>esscveri</span> <span class='ocrx_word' id='word_1_75' title='bbox 360 1103 388 1148; x_wconf 91' lang='lat' dir='ltr'>et</span> <span class='ocrx_word' id='word_1_76' title='bbox 408 1111 518 1168; x_wconf 86' lang='lat' dir='ltr'>graves,</span> <span class='ocrx_word' id='word_1_77' title='bbox 534 1094 583 1162; x_wconf 92' lang='lat' dir='ltr'>qui</span> <span class='ocrx_word' id='word_1_78' title='bbox 604 1111 658 1148; x_wconf 88' lang='lat' dir='ltr'>nee</span> <span class='ocrx_word' id='word_1_79' title='bbox 679 1091 778 1167; x_wconf 90' lang='lat' dir='ltr'>populi</span> <span class='ocrx_word' id='word_1_80' title='bbox 798 1111 852 1149; x_wconf 90' lang='lat' dir='ltr'>neo</span> <span class='ocrx_word' id='word_1_81' title='bbox 873 1092 974 1171; x_wconf 82' lang='lat' dir='ltr'>pripei·</span> 
     </span>
     <span class='ocr_line' id='line_1_13' title="bbox 93 1170 975 1247; baseline 0 -18"><span class='ocrx_word' id='word_1_82' title='bbox 93 1177 177 1247; x_wconf 63' lang='lat' dir='ltr'>punit</span> <span class='ocrx_word' id='word_1_83' title='bbox 200 1191 292 1228; x_wconf 88' lang='lat' dir='ltr'>mores</span> <span class='ocrx_word' id='word_1_84' title='bbox 314 1172 385 1228; x_wconf 86' lang='lat' dir='ltr'>serre</span> <span class='ocrx_word' id='word_1_85' title='bbox 414 1182 583 1247; x_wconf 89' lang='lat' dir='ltr'>potueruut:</span> <span class='ocrx_word' id='word_1_86' title='bbox 615 1171 803 1243; x_wconf 80' lang='lat' dir='ltr'>vixeruntque</span> <span class='ocrx_word' id='word_1_87' title='bbox 825 1190 886 1229; x_wconf 93' lang='lat' dir='ltr'>non</span> <span class='ocrx_word' id='word_1_88' title='bbox 906 1170 975 1229; x_wconf 87' lang='lat' dir='ltr'>nulli</span> 
     </span>
     <span class='ocr_line' id='line_1_14' title="bbox 94 1250 975 1327; baseline 0.002 -20"><span class='ocrx_word' id='word_1_89' title='bbox 94 1253 123 1309; x_wconf 91' lang='lat' dir='ltr'>in</span> <span class='ocrx_word' id='word_1_90' title='bbox 138 1253 224 1327; x_wconf 86' lang='lat' dir='ltr'>agris,</span> <span class='ocrx_word' id='word_1_91' title='bbox 239 1251 369 1307; x_wconf 86' lang='lat' dir='ltr'>delectati</span> <span class='ocrx_word' id='word_1_92' title='bbox 384 1270 414 1307; x_wconf 88' lang='lat' dir='ltr'>re</span> <span class='ocrx_word' id='word_1_93' title='bbox 429 1270 481 1307; x_wconf 86' lang='lat' dir='ltr'>sua</span> <span class='ocrx_word' id='word_1_94' title='bbox 495 1251 635 1307; x_wconf 83' lang='lat' dir='ltr'>familiari.</span> <span class='ocrx_word' id='word_1_95' title='bbox 678 1250 734 1307; x_wconf 87' lang='lat' dir='ltr'>His</span> <span class='ocrx_word' id='word_1_96' title='bbox 755 1251 832 1308; x_wconf 90' lang='lat' dir='ltr'>idem</span> <span class='ocrx_word' id='word_1_97' title='bbox 847 1252 975 1327; x_wconf 77' lang='lat' dir='ltr'>proporti-</span> 
     </span>
     <span class='ocr_line' id='line_1_15' title="bbox 95 1329 976 1406; baseline 0.002 -19"><span class='ocrx_word' id='word_1_98' title='bbox 95 1341 154 1389; x_wconf 88' lang='lat' dir='ltr'>tum</span> <span class='ocrx_word' id='word_1_99' title='bbox 175 1332 237 1397; x_wconf 90' lang='lat' dir='ltr'>suit,</span> <span class='ocrx_word' id='word_1_100' title='bbox 254 1329 330 1401; x_wconf 90' lang='lat' dir='ltr'>quod</span> <span class='ocrx_word' id='word_1_101' title='bbox 350 1331 474 1406; x_wconf 83' lang='lat' dir='ltr'>regibus,</span> <span class='ocrx_word' id='word_1_102' title='bbox 490 1341 521 1386; x_wconf 92' lang='lat' dir='ltr'>ut</span> <span class='ocrx_word' id='word_1_103' title='bbox 540 1348 576 1386; x_wconf 87' lang='lat' dir='ltr'>ne</span> <span class='ocrx_word' id='word_1_104' title='bbox 597 1349 654 1402; x_wconf 85' lang='lat' dir='ltr'>qua</span> <span class='ocrx_word' id='word_1_105' title='bbox 673 1349 703 1386; x_wconf 89' lang='lat' dir='ltr'>re</span> <span class='ocrx_word' id='word_1_106' title='bbox 725 1340 851 1406; x_wconf 82' lang='lat' dir='ltr'>egerent,</span> <span class='ocrx_word' id='word_1_107' title='bbox 873 1349 911 1387; x_wconf 88' lang='lat' dir='ltr'>ne</span> <span class='ocrx_word' id='word_1_108' title='bbox 931 1330 976 1389; x_wconf 87' lang='lat' dir='ltr'>eui</span> 
     </span>
     <span class='ocr_line' id='line_1_16' title="bbox 94 1410 975 1487; baseline 0 -19"><span class='ocrx_word' id='word_1_109' title='bbox 94 1421 235 1486; x_wconf 86' lang='lat' dir='ltr'>parerent,</span> <span class='ocrx_word' id='word_1_110' title='bbox 257 1410 385 1466; x_wconf 88' lang='lat' dir='ltr'>libertate</span> <span class='ocrx_word' id='word_1_111' title='bbox 405 1420 570 1466; x_wconf 89' lang='lat' dir='ltr'>uterentur:</span> <span class='ocrx_word' id='word_1_112' title='bbox 593 1411 674 1486; x_wconf 89' lang='lat' dir='ltr'>eujus</span> <span class='ocrx_word' id='word_1_113' title='bbox 695 1411 845 1487; x_wconf 85' lang='lat' dir='ltr'>proprium</span> <span class='ocrx_word' id='word_1_114' title='bbox 865 1419 921 1479; x_wconf 87' lang='lat' dir='ltr'>est,</span> <span class='ocrx_word' id='word_1_115' title='bbox 935 1410 975 1469; x_wconf 80' lang='lat' dir='ltr'>sie</span> 
     </span>
     <span class='ocr_line' id='line_1_17' title="bbox 94 1491 343 1558; baseline -0.004 -12"><span class='ocrx_word' id='word_1_116' title='bbox 94 1492 200 1558; x_wconf 89' lang='lat' dir='ltr'>vivere,</span> <span class='ocrx_word' id='word_1_117' title='bbox 216 1500 247 1547; x_wconf 91' lang='lat' dir='ltr'>ut</span> <span class='ocrx_word' id='word_1_118' title='bbox 262 1491 343 1546; x_wconf 77' lang='lat' dir='ltr'>velie.</span> 
     </span>
    </p>
   </div>
   <div class='ocr_carea' id='block_1_3' title="bbox 95 1615 975 1856">
    <p class='ocr_par' dir='ltr' id='par_1_4' title="bbox 95 1615 975 1856">
     <span class='ocr_line' id='line_1_18' title="bbox 95 1615 975 1693; baseline 0.001 -17"><span class='ocrx_word' id='word_1_119' title='bbox 95 1618 185 1676; x_wconf 84' lang='grc' dir='ltr'><strong>ΟΑΡ.</strong></span> <span class='ocrx_word' id='word_1_120' title='bbox 201 1616 284 1675; x_wconf 91' lang='lat' dir='ltr'>XXI.</span> <span class='ocrx_word' id='word_1_121' title='bbox 307 1616 442 1675; x_wconf 82' lang='lat' dir='ltr'>Honore:</span> <span class='ocrx_word' id='word_1_122' title='bbox 461 1616 498 1674; x_wconf 84' lang='lat' dir='ltr'>ab</span> <span class='ocrx_word' id='word_1_123' title='bbox 513 1616 617 1674; x_wconf 72' lang='lat' dir='ltr'>otiosi:</span> <span class='ocrx_word' id='word_1_124' title='bbox 637 1615 756 1693; x_wconf 80' lang='lat' dir='ltr'>negligi</span> <span class='ocrx_word' id='word_1_125' title='bbox 766 1638 779 1686; x_wconf 85' lang='lat'>,·</span> <span class='ocrx_word' id='word_1_126' title='bbox 801 1617 913 1693; x_wconf 75' lang='lat' dir='ltr'>quidue</span> <span class='ocrx_word' id='word_1_127' title='bbox 933 1636 975 1677; x_wconf 87' lang='lat' dir='ltr'>co·</span> 
     </span>
     <span class='ocr_line' id='line_1_19' title="bbox 128 1695 974 1775; baseline 0.001 -20"><span class='ocrx_word' id='word_1_128' title='bbox 128 1697 334 1775; x_wconf 71' lang='lat' dir='ltr'>perredderet</span> <span class='ocrx_word' id='word_1_129' title='bbox 355 1696 538 1774; x_wconf 76' lang='lat' dir='ltr'>respublica:</span> <span class='ocrx_word' id='word_1_130' title='bbox 560 1695 635 1774; x_wconf 77' lang='lat' dir='ltr'>quid</span> <span class='ocrx_word' id='word_1_131' title='bbox 654 1696 690 1755; x_wconf 84' lang='lat' dir='ltr'>ab</span> <span class='ocrx_word' id='word_1_132' title='bbox 712 1698 752 1755; x_wconf 84' lang='lat' dir='ltr'>ii:</span> <span class='ocrx_word' id='word_1_133' title='bbox 772 1696 974 1767; x_wconf 77' lang='lat' dir='ltr'>derideretur:</span> 
     </span>
     <span class='ocr_line' id='line_1_20' title="bbox 133 1775 557 1856; baseline -0.002 -22"><span class='ocrx_word' id='word_1_134' title='bbox 133 1796 197 1854; x_wconf 82' lang='lat' dir='ltr'>quae</span> <span class='ocrx_word' id='word_1_135' title='bbox 212 1777 288 1835; x_wconf 85' lang='lat' dir='ltr'>vitia</span> <span class='ocrx_word' id='word_1_136' title='bbox 298 1775 411 1856; x_wconf 78' lang='lat' dir='ltr'>fugere</span> <span class='ocrx_word' id='word_1_137' title='bbox 426 1775 557 1834; x_wconf 82' lang='lat' dir='ltr'>debeant.</span> 
     </span>
    </p>
   </div>
   <div class='ocr_carea' id='block_1_4' title="bbox 95 1890 979 2604">
    <p class='ocr_par' dir='ltr' id='par_1_5' title="bbox 95 1890 979 2604">
     <span class='ocr_line' id='line_1_21' title="bbox 135 1890 976 1967; baseline 0.004 -21"><span class='ocrx_word' id='word_1_138' title='bbox 135 1891 252 1957; x_wconf 71' lang='lat' dir='ltr'>Quina,</span> <span class='ocrx_word' id='word_1_139' title='bbox 268 1910 332 1946; x_wconf 88' lang='lat' dir='ltr'>cum</span> <span class='ocrx_word' id='word_1_140' title='bbox 353 1890 408 1948; x_wconf 89' lang='lat' dir='ltr'>hoc</span> <span class='ocrx_word' id='word_1_141' title='bbox 429 1909 581 1947; x_wconf 88' lang='lat' dir='ltr'>commune</span> <span class='ocrx_word' id='word_1_142' title='bbox 601 1891 638 1947; x_wconf 89' lang='lat' dir='ltr'>sit</span> <span class='ocrx_word' id='word_1_143' title='bbox 658 1890 792 1965; x_wconf 79' lang='lat' dir='ltr'>potentiae</span> <span class='ocrx_word' id='word_1_144' title='bbox 807 1890 976 1967; x_wconf 89' lang='lat' dir='ltr'>cupidorum</span> 
     </span>
     <span class='ocr_line' id='line_1_22' title="bbox 95 1969 976 2047; baseline 0.001 -19"><span class='ocrx_word' id='word_1_145' title='bbox 95 1990 161 2029; x_wconf 88' lang='lat' dir='ltr'>curn</span> <span class='ocrx_word' id='word_1_146' title='bbox 183 1971 228 2036; x_wconf 89' lang='lat' dir='ltr'>iis,</span> <span class='ocrx_word' id='word_1_147' title='bbox 243 1989 313 2041; x_wconf 89' lang='lat' dir='ltr'>quos</span> <span class='ocrx_word' id='word_1_148' title='bbox 329 1969 399 2035; x_wconf 81' lang='lat' dir='ltr'>dixi,</span> <span class='ocrx_word' id='word_1_149' title='bbox 416 1971 515 2027; x_wconf 88' lang='lat' dir='ltr'>otiosis</span> <span class='ocrx_word' id='word_1_150' title='bbox 530 1971 552 2032; x_wconf 78' lang='lat' dir='ltr'>:t</span> <span class='ocrx_word' id='word_1_151' title='bbox 573 1970 653 2026; x_wconf 88' lang='lat' dir='ltr'>alteri</span> <span class='ocrx_word' id='word_1_152' title='bbox 666 1989 697 2026; x_wconf 85' lang='lat' dir='ltr'>se</span> <span class='ocrx_word' id='word_1_153' title='bbox 712 1970 833 2046; x_wconf 81' lang='lat' dir='ltr'>adipisci</span> <span class='ocrx_word' id='word_1_154' title='bbox 847 1970 877 2027; x_wconf 94' lang='lat' dir='ltr'>id</span> <span class='ocrx_word' id='word_1_155' title='bbox 892 1989 976 2047; x_wconf 81' lang='lat' dir='ltr'>posse</span> 
     </span>
     <span class='ocr_line' id='line_1_23' title="bbox 95 2049 977 2124; baseline 0.001 -18"><span class='ocrx_word' id='word_1_156' title='bbox 95 2051 272 2117; x_wconf 89' lang='lat' dir='ltr'>arbitrantur,</span> <span class='ocrx_word' id='word_1_157' title='bbox 289 2050 314 2105; x_wconf 79' lang='lat' dir='ltr'>si</span> <span class='ocrx_word' id='word_1_158' title='bbox 328 2068 397 2124; x_wconf 86' lang='lat' dir='ltr'>opes</span> <span class='ocrx_word' id='word_1_159' title='bbox 414 2069 530 2124; x_wconf 81' lang='lat' dir='ltr'>magnas</span> <span class='ocrx_word' id='word_1_160' title='bbox 545 2051 685 2106; x_wconf 88' lang='lat' dir='ltr'>habeant:</span> <span class='ocrx_word' id='word_1_161' title='bbox 708 2051 798 2117; x_wconf 87' lang='lat' dir='ltr'>alteri,</span> <span class='ocrx_word' id='word_1_162' title='bbox 811 2050 837 2107; x_wconf 81' lang='lat' dir='ltr'>si</span> <span class='ocrx_word' id='word_1_163' title='bbox 851 2049 977 2109; x_wconf 83' lang='lat' dir='ltr'>contenti</span> 
     </span>
     <span class='ocr_line' id='line_1_24' title="bbox 95 2129 977 2203; baseline 0 -16"><span class='ocrx_word' id='word_1_164' title='bbox 95 2131 153 2187; x_wconf 91' lang='lat' dir='ltr'>sint</span> <span class='ocrx_word' id='word_1_165' title='bbox 167 2142 194 2185; x_wconf 89' lang='lat' dir='ltr'>et</span> <span class='ocrx_word' id='word_1_166' title='bbox 208 2148 270 2196; x_wconf 92' lang='lat' dir='ltr'>suo,</span> <span class='ocrx_word' id='word_1_167' title='bbox 284 2139 312 2184; x_wconf 91' lang='lat' dir='ltr'>et</span> <span class='ocrx_word' id='word_1_168' title='bbox 325 2148 422 2203; x_wconf 84' lang='lat' dir='ltr'>parvo.</span> <span class='ocrx_word' id='word_1_169' title='bbox 466 2129 499 2185; x_wconf 95' lang='lat' dir='ltr'>ln</span> <span class='ocrx_word' id='word_1_170' title='bbox 521 2148 577 2201; x_wconf 94' lang='lat' dir='ltr'>quo</span> <span class='ocrx_word' id='word_1_171' title='bbox 599 2141 762 2186; x_wconf 82' lang='lat' dir='ltr'>nontromrn</span> <span class='ocrx_word' id='word_1_172' title='bbox 778 2132 898 2187; x_wconf 89' lang='lat' dir='ltr'>omnino</span> <span class='ocrx_word' id='word_1_173' title='bbox 913 2148 977 2187; x_wconf 89' lang='lat' dir='ltr'>con·</span> 
     </span>
     <span class='ocr_line' id='line_1_25' title="bbox 95 2208 978 2276; baseline 0.001 -10"><span class='ocrx_word' id='word_1_174' title='bbox 95 2208 246 2267; x_wconf 88' lang='lat' dir='ltr'>temnenda</span> <span class='ocrx_word' id='word_1_175' title='bbox 271 2208 411 2264; x_wconf 85' lang='lat' dir='ltr'>sententia</span> <span class='ocrx_word' id='word_1_176' title='bbox 433 2219 496 2264; x_wconf 89' lang='lat' dir='ltr'>est:</span> <span class='ocrx_word' id='word_1_177' title='bbox 520 2208 571 2264; x_wconf 86' lang='lat' dir='ltr'>scd</span> <span class='ocrx_word' id='word_1_178' title='bbox 588 2219 621 2264; x_wconf 86' lang='lat' dir='ltr'>et</span> <span class='ocrx_word' id='word_1_179' title='bbox 640 2209 759 2275; x_wconf 84' lang='lat' dir='ltr'>facilior,</span> <span class='ocrx_word' id='word_1_180' title='bbox 782 2219 811 2265; x_wconf 89' lang='lat' dir='ltr'>et</span> <span class='ocrx_word' id='word_1_181' title='bbox 832 2210 930 2276; x_wconf 90' lang='lat' dir='ltr'>tutior,</span> <span class='ocrx_word' id='word_1_182' title='bbox 950 2217 978 2267; x_wconf 87' lang='lat' dir='ltr'>et</span> 
     </span>
     <span class='ocr_line' id='line_1_26' title="bbox 95 2288 978 2363; baseline -0.001 -17"><span class='ocrx_word' id='word_1_183' title='bbox 95 2290 190 2346; x_wconf 89' lang='lat' dir='ltr'>minus</span> <span class='ocrx_word' id='word_1_184' title='bbox 206 2289 268 2344; x_wconf 88' lang='lat' dir='ltr'>aliis</span> <span class='ocrx_word' id='word_1_185' title='bbox 283 2288 376 2363; x_wconf 85' lang='lat' dir='ltr'>gravis</span> <span class='ocrx_word' id='word_1_186' title='bbox 392 2299 439 2344; x_wconf 88' lang='lat' dir='ltr'>aut</span> <span class='ocrx_word' id='word_1_187' title='bbox 451 2288 570 2344; x_wconf 88' lang='lat' dir='ltr'>molesta</span> <span class='ocrx_word' id='word_1_188' title='bbox 585 2289 641 2344; x_wconf 89' lang='lat' dir='ltr'>vita</span> <span class='ocrx_word' id='word_1_189' title='bbox 655 2299 699 2344; x_wconf 87' lang='lat' dir='ltr'>est</span> <span class='ocrx_word' id='word_1_190' title='bbox 712 2290 871 2346; x_wconf 91' lang='lat' dir='ltr'>otiosorum</span> <span class='ocrx_word' id='word_1_191' title='bbox 885 2308 892 2345; x_wconf 92' lang='lat'>:</span> <span class='ocrx_word' id='word_1_192' title='bbox 906 2288 978 2346; x_wconf 77' lang='lat' dir='ltr'>imc-</span> 
     </span>
     <span class='ocr_line' id='line_1_27' title="bbox 96 2367 978 2445; baseline 0 -20"><span class='ocrx_word' id='word_1_193' title='bbox 96 2370 203 2426; x_wconf 89' lang='lat' dir='ltr'>tuosior</span> <span class='ocrx_word' id='word_1_194' title='bbox 215 2380 307 2424; x_wconf 86' lang='lat' dir='ltr'>autem</span> <span class='ocrx_word' id='word_1_195' title='bbox 324 2369 472 2424; x_wconf 92' lang='lat' dir='ltr'>hominum</span> <span class='ocrx_word' id='word_1_196' title='bbox 486 2369 593 2442; x_wconf 84' lang='lat' dir='ltr'>generi,</span> <span class='ocrx_word' id='word_1_197' title='bbox 609 2380 638 2424; x_wconf 88' lang='lat' dir='ltr'>et</span> <span class='ocrx_word' id='word_1_198' title='bbox 651 2367 685 2423; x_wconf 88' lang='lat' dir='ltr'>ad</span> <span class='ocrx_word' id='word_1_199' title='bbox 701 2368 856 2425; x_wconf 86' lang='lat' dir='ltr'>claritatem</span> <span class='ocrx_word' id='word_1_200' title='bbox 879 2368 978 2445; x_wconf 89' lang='lat' dir='ltr'>ampli·</span> 
     </span>
     <span class='ocr_line' id='line_1_28' title="bbox 95 2446 979 2523; baseline 0 -18"><span class='ocrx_word' id='word_1_201' title='bbox 95 2448 279 2519; x_wconf 82' lang='lat' dir='ltr'>tudinemque</span> <span class='ocrx_word' id='word_1_202' title='bbox 302 2448 394 2522; x_wconf 82' lang='lat' dir='ltr'>aptior</span> <span class='ocrx_word' id='word_1_203' title='bbox 414 2466 523 2513; x_wconf 87' lang='lat' dir='ltr'>eorum,</span> <span class='ocrx_word' id='word_1_204' title='bbox 543 2449 593 2518; x_wconf 91' lang='lat' dir='ltr'>qui</span> <span class='ocrx_word' id='word_1_205' title='bbox 614 2466 645 2502; x_wconf 90' lang='lat' dir='ltr'>se</span> <span class='ocrx_word' id='word_1_206' title='bbox 667 2446 700 2503; x_wconf 88' lang='lat' dir='ltr'>ad</span> <span class='ocrx_word' id='word_1_207' title='bbox 722 2448 931 2523; x_wconf 87' lang='lat' dir='ltr'>rempublicam</span> <span class='ocrx_word' id='word_1_208' title='bbox 951 2456 979 2505; x_wconf 89' lang='lat' dir='ltr'>et</span> 
     </span>
     <span class='ocr_line' id='line_1_29' title="bbox 95 2525 784 2604; baseline -0.003 -19"><span class='ocrx_word' id='word_1_209' title='bbox 95 2528 129 2585; x_wconf 94' lang='lat' dir='ltr'>ad</span> <span class='ocrx_word' id='word_1_210' title='bbox 144 2547 260 2604; x_wconf 86' lang='lat' dir='ltr'>magnas</span> <span class='ocrx_word' id='word_1_211' title='bbox 275 2546 320 2584; x_wconf 89' lang='lat' dir='ltr'>res</span> <span class='ocrx_word' id='word_1_212' title='bbox 335 2525 473 2603; x_wconf 82' lang='lat' dir='ltr'>gerendas</span> <span class='ocrx_word' id='word_1_213' title='bbox 489 2526 784 2584; x_wconf 89' lang='lat' dir='ltr'>accommodaverunt.</span> 
     </span>
    </p>
   </div>
   <div class='ocr_carea' id='block_1_5' title="bbox 94 2682 979 2897">
    <p class='ocr_par' dir='ltr' id='par_1_6' title="bbox 94 2682 979 2897">
     <span class='ocr_line' id='line_1_30' title="bbox 126 2682 977 2736; baseline 0.004 -8"><span class='ocrx_word' id='word_1_214' title='bbox 126 2684 242 2729; x_wconf 75' lang='lat' dir='ltr'>*Animi</span> <span class='ocrx_word' id='word_1_215' title='bbox 276 2683 362 2727; x_wconf 82' lang='lat' dir='ltr'>Tlrrieo</span> <span class='ocrx_word' id='word_1_216' title='bbox 378 2683 403 2726; x_wconf 91' lang='lat' dir='ltr'>in</span> <span class='ocrx_word' id='word_1_217' title='bbox 418 2682 457 2726; x_wconf 90' lang='lat' dir='ltr'>the</span> <span class='ocrx_word' id='word_1_218' title='bbox 470 2695 534 2726; x_wconf 83' lang='lat' dir='ltr'>same</span> <span class='ocrx_word' id='word_1_219' title='bbox 552 2688 672 2736; x_wconf 83' lang='lat' dir='ltr'>sentence,</span> <span class='ocrx_word' id='word_1_220' title='bbox 685 2684 730 2728; x_wconf 85' lang='lat' dir='ltr'>this</span> <span class='ocrx_word' id='word_1_221' title='bbox 748 2684 813 2728; x_wconf 88' lang='lat' dir='ltr'>word</span> <span class='ocrx_word' id='word_1_222' title='bbox 825 2697 915 2731; x_wconf 84' lang='lat' dir='ltr'>recurs.</span> <span class='ocrx_word' id='word_1_223' title='bbox 948 2686 977 2731; x_wconf 86' lang='lat' dir='ltr'>In</span> 
     </span>
     <span class='ocr_line' id='line_1_31' title="bbox 94 2736 979 2787; baseline 0.005 -6"><span class='ocrx_word' id='word_1_224' title='bbox 94 2750 158 2781; x_wconf 83' lang='lat' dir='ltr'>some</span> <span class='ocrx_word' id='word_1_225' title='bbox 171 2739 237 2781; x_wconf 76' lang='lat' dir='ltr'>MSS.</span> <span class='ocrx_word' id='word_1_226' title='bbox 250 2737 288 2780; x_wconf 89' lang='lat' dir='ltr'>the</span> <span class='ocrx_word' id='word_1_227' title='bbox 301 2736 396 2787; x_wconf 86' lang='lat' dir='ltr'>second,</span> <span class='ocrx_word' id='word_1_228' title='bbox 411 2736 434 2778; x_wconf 92' lang='lat' dir='ltr'>in</span> <span class='ocrx_word' id='word_1_229' title='bbox 447 2736 531 2782; x_wconf 83' lang='lat' dir='ltr'>others,</span> <span class='ocrx_word' id='word_1_230' title='bbox 543 2737 581 2779; x_wconf 89' lang='lat' dir='ltr'>the</span> <span class='ocrx_word' id='word_1_231' title='bbox 596 2737 657 2780; x_wconf 89' lang='lat' dir='ltr'>third</span> <span class='ocrx_word' id='word_1_232' title='bbox 675 2738 752 2781; x_wconf 82' lang='lat' dir='ltr'>oninrl</span> <span class='ocrx_word' id='word_1_233' title='bbox 769 2738 789 2779; x_wconf 86' lang='lat' dir='ltr'>is</span> <span class='ocrx_word' id='word_1_234' title='bbox 806 2739 919 2783; x_wconf 89' lang='lat' dir='ltr'>omitted:</span> <span class='ocrx_word' id='word_1_235' title='bbox 937 2738 979 2785; x_wconf 82' lang='lat' dir='ltr'>out</span> 
     </span>
     <span class='ocr_line' id='line_1_32' title="bbox 94 2789 979 2846; baseline 0.008 -13"><span class='ocrx_word' id='word_1_236' title='bbox 94 2790 190 2844; x_wconf 72' lang='lat' dir='ltr'>Quintil,</span> <span class='ocrx_word' id='word_1_237' title='bbox 206 2791 257 2846; x_wconf 76' lang='lat' dir='ltr'>(lib.</span> <span class='ocrx_word' id='word_1_238' title='bbox 270 2791 346 2832; x_wconf 75' lang='lat' dir='ltr'>viiic.</span> <span class='ocrx_word' id='word_1_239' title='bbox 358 2789 392 2843; x_wconf 82' lang='grc'>3,)</span> <span class='ocrx_word' id='word_1_240' title='bbox 412 2789 454 2832; x_wconf 85' lang='lat' dir='ltr'>has</span> <span class='ocrx_word' id='word_1_241' title='bbox 471 2790 564 2833; x_wconf 88' lang='lat' dir='ltr'>noticed</span> <span class='ocrx_word' id='word_1_242' title='bbox 582 2789 632 2834; x_wconf 87' lang='lat' dir='ltr'>that</span> <span class='ocrx_word' id='word_1_243' title='bbox 649 2790 707 2834; x_wconf 88' lang='lat' dir='ltr'>such</span> <span class='ocrx_word' id='word_1_244' title='bbox 727 2791 866 2845; x_wconf 85' lang='lat' dir='ltr'>repetitions</span> <span class='ocrx_word' id='word_1_245' title='bbox 881 2806 921 2838; x_wconf 83' lang='lat' dir='ltr'>are</span> <span class='ocrx_word' id='word_1_246' title='bbox 936 2796 979 2839; x_wconf 82' lang='lat' dir='ltr'>not</span> 
     </span>
     <span class='ocr_line' id='line_1_33' title="bbox 94 2837 509 2897; baseline -0.002 -10"><span class='ocrx_word' id='word_1_247' title='bbox 94 2843 229 2897; x_wconf 82' lang='lat' dir='ltr'>intrequcnt</span> <span class='ocrx_word' id='word_1_248' title='bbox 241 2844 266 2887; x_wconf 91' lang='lat' dir='ltr'>in</span> <span class='ocrx_word' id='word_1_249' title='bbox 282 2837 384 2886; x_wconf 84' lang='lat' dir='ltr'>Cicero&#39;s</span> <span class='ocrx_word' id='word_1_250' title='bbox 395 2843 509 2897; x_wconf 74' lang='lat' dir='ltr'>writings.</span> 
     </span>
    </p>
   </div>
   <div class='ocr_carea' id='block_1_6' title="bbox 94 2895 979 3004">
    <p class='ocr_par' dir='ltr' id='par_1_7' title="bbox 94 2895 979 3004">
     <span class='ocr_line' id='line_1_34' title="bbox 118 2895 979 2992; baseline 0.003 -50"><span class='ocrx_word' id='word_1_251' title='bbox 118 2896 298 2992; x_wconf 57' lang='lat' dir='ltr'>JNobtltrrimt</span> <span class='ocrx_word' id='word_1_252' title='bbox 307 2896 446 2967; x_wconf 63' lang='lat' dir='ltr'>prpitnrnplri.</span> <span class='ocrx_word' id='word_1_253' title='bbox 480 2897 512 2940; x_wconf 89' lang='lat' dir='ltr'>Of</span> <span class='ocrx_word' id='word_1_254' title='bbox 524 2895 604 2940; x_wconf 87' lang='lat' dir='ltr'>whom</span> <span class='ocrx_word' id='word_1_255' title='bbox 616 2909 678 2942; x_wconf 83' lang='lat' dir='ltr'>were</span> <span class='ocrx_word' id='word_1_256' title='bbox 696 2899 808 2952; x_wconf 85' lang='lat' dir='ltr'>Socrates,</span> <span class='ocrx_word' id='word_1_257' title='bbox 821 2898 897 2954; x_wconf 84' lang='lat' dir='ltr'>Plato,</span> <span class='ocrx_word' id='word_1_258' title='bbox 915 2898 979 2945; x_wconf 73' lang='lat' dir='ltr'>Aris·</span> 
     </span>
     <span class='ocr_line' id='line_1_35' title="bbox 94 2949 439 3004; baseline 0.003 -11"><span class='ocrx_word' id='word_1_259' title='bbox 94 2953 117 2993; x_wconf 84' lang='lat' dir='ltr'>to</span> <span class='ocrx_word' id='word_1_260' title='bbox 136 2951 240 3001; x_wconf 83' lang='lat' dir='ltr'>e‚.Zeno,</span> <span class='ocrx_word' id='word_1_261' title='bbox 252 2949 301 2993; x_wconf 85' lang='lat' dir='ltr'>and</span> <span class='ocrx_word' id='word_1_262' title='bbox 315 2952 439 3004; x_wconf 67' lang='lat' dir='ltr'>Epicurus.</span> 
     </span>
    </p>
   </div>
   <div class='ocr_carea' id='block_1_7' title="bbox 126 2999 629 3060">
    <p class='ocr_par' dir='ltr' id='par_1_8' title="bbox 126 2999 629 3060">
     <span class='ocr_line' id='line_1_36' title="bbox 126 2999 629 3060; baseline 0.002 -13"><span class='ocrx_word' id='word_1_263' title='bbox 126 3006 138 3055; x_wconf 57' lang='grc' dir='ltr'><em>ὴ</em></span> <span class='ocrx_word' id='word_1_264' title='bbox 149 2999 307 3058; x_wconf 82' lang='lat' dir='ltr'>Principum:</span> <span class='ocrx_word' id='word_1_265' title='bbox 325 3004 353 3060; x_wconf 84' lang='lat' dir='ltr'>os</span> <span class='ocrx_word' id='word_1_266' title='bbox 367 3003 463 3057; x_wconf 81' lang='lat' dir='ltr'>leading</span> <span class='ocrx_word' id='word_1_267' title='bbox 473 3002 629 3048; x_wconf 78' lang='lat' dir='ltr'>individuale.</span> 
     </span>
    </p>
   </div>
   <div class='ocr_carea' id='block_1_8' title="bbox 109 3120 991 3266">
    <p class='ocr_par' dir='ltr' id='par_1_9' title="bbox 109 3120 991 3266">
     <span class='ocr_line' id='line_1_37' title="bbox 414 3120 655 3165; baseline -0.008 0"><span class='ocrx_word' id='word_1_268' title='bbox 414 3120 569 3165; x_wconf 70' lang='lat' dir='ltr'>ClthTllR</span> <span class='ocrx_word' id='word_1_269' title='bbox 584 3121 655 3165; x_wconf 80' lang='lat' dir='ltr'>XXI.</span> 
     </span>
     <span class='ocr_line' id='line_1_38' title="bbox 109 3202 991 3266; baseline -0.002 -15"><span class='ocrx_word' id='word_1_270' title='bbox 109 3202 125 3259; x_wconf 87' lang='lat'><em>§</em></span> <span class='ocrx_word' id='word_1_271' title='bbox 139 3205 235 3254; x_wconf 72' lang='lat' dir='ltr'>orasis</span> <span class='ocrx_word' id='word_1_272' title='bbox 243 3224 253 3253; x_wconf 86' lang='lat'>.·</span> <span class='ocrx_word' id='word_1_273' title='bbox 272 3208 384 3255; x_wconf 79' lang='lat' dir='ltr'>whalioe</span> <span class='ocrx_word' id='word_1_274' title='bbox 396 3208 425 3255; x_wconf 80' lang='lat' dir='ltr'>in</span> <span class='ocrx_word' id='word_1_275' title='bbox 437 3205 728 3266; x_wconf 67' lang='lat' dir='ltr'>pricaeumedtttngnat</span> <span class='ocrx_word' id='word_1_276' title='bbox 738 3205 798 3250; x_wconf 57' lang='lat' dir='ltr'>ur&#39;tttt</span> <span class='ocrx_word' id='word_1_277' title='bbox 807 3206 889 3260; x_wconf 57' lang='lat' dir='ltr'>quatu</span> <span class='ocrx_word' id='word_1_278' title='bbox 897 3208 991 3263; x_wconf 50' lang='lat' dir='ltr'>anm</span> 
     </span>
    </p>
   </div>
   <div class='ocr_carea' id='block_1_9' title="bbox 0 0 1038 3946">
    <p class='ocr_par' dir='ltr' id='par_1_10' title="bbox 0 0 1038 3946">
     <span class='ocr_line' id='line_1_39' title="bbox 0 0 1038 3946; baseline 0 0"><span class='ocrx_word' id='word_1_279' title='bbox 0 0 1038 3946; x_wconf 95' lang='lat' dir='ltr'> </span> 
     </span>
    </p>
   </div>
  </div>
 </body>
</html>
