2054 3946
86 206 145 264 270
390 199 440 245 uu
467 195 661 244 anicium

86 309 204 374 quodque,
221 306 264 371 qui
280 307 355 357 vineit
370 307 475 356 viribus:
497 306 654 356 amicitiarum
676 321 721 354 sua
744 305 832 369 cuique
852 313 971 371 pennensi

87 377 176 425 stabilia
195 382 220 423 et
239 383 302 423 certa
323 374 455 438 possessio:
473 382 507 431 ut,
519 374 590 422 etiam
610 374 631 422 si
650 373 692 422 illa
711 380 898 437 maneantque
918 382 973 422 sunt

88 444 156 507 quasi
168 441 350 500 donatoriam,
362 451 442 490 tamen
454 440 502 489 vita
520 440 617 498 inculta,
629 448 654 489 et
672 440 765 488 deserta
782 440 914 500 chemicis,
925 455 974 489 non

88 510 162 575 possit
173 525 225 557 esse
233 509 348 572 jucunda.
383 509 430 558 Sed
442 509 493 556 hac
503 507 626 556 hactenus.

121 642 192 691 XVI.
209 641 378 691 Constituendi
395 651 477 690 autem
493 649 557 700 sunt,
574 641 616 704 qui
636 641 685 689 sint
702 640 728 688 in
745 641 852 690 amicitia
868 641 937 700 tinas,
953 648 975 689 et

88 710 157 772 quusi
177 708 278 766 termini,
296 708 426 770 diligendi:
450 708 583 771 dequibus
603 716 650 757 tres
670 707 738 756 video
759 708 975 765 comanensium

89 792 192 839 quarum
202 777 294 824 nulium
306 778 392 838 probe:
404 791 487 833 unam,
498 783 526 824 ut
536 775 620 824 eodem
631 775 705 824 modo
715 791 772 836 erga
783 776 890 825 amicum
900 774 975 823 affecti

89 844 172 900 aimus,
185 857 233 905 quo
244 859 301 903 erga
317 849 411 891 nosmet
421 843 501 905 ipsos3
519 844 623 900 alteram,
635 851 664 890 ut
675 850 756 890 nostra
766 841 792 890 in
805 843 897 891 amicos
907 844 976 890 bene·

90 910 194 958 volentia
213 909 308 958 illorum
328 925 384 970 erga
401 925 446 957 nos
463 910 634 958 benevolentiae
651 909 738 972 pariter
755 911 926 972 aequaliterque
944 925 976 956 re·

89 977 222 1040 spondeam
238 977 338 1034 tertiam,
356 985 391 1034 ut,
402 976 486 1038 quanti
504 976 605 1039 qnisqtie
622 992 648 1024 aa
665 976 718 1040 ipse
733 976 797 1036 facit,
809 977 871 1025 tanti
889 977 932 1024 fiat
949 977 975 1024 ab

91 1058 181 1092 amicis.

123 1110 219 1158 Harum
229 1110 302 1158 trium
313 1109 483 1158 sententiarum
501 1110 562 1158 nuili
574 1124 668 1172 prorsus
685 1109 807 1158 assentior.
841 1109 899 1158 Nec
914 1110 974 1158 enim

92 1176 131 1225 illa
142 1177 218 1240 prima
229 1192 284 1225 vera
294 1183 337 1234 eat,
345 1184 379 1234 ut,
388 1177 589 1239 quemadmodum
600 1177 626 1226 in
637 1193 663 1224 se
672 1177 779 1239 quisque,
788 1177 824 1224 sic
835 1176 861 1224 in
874 1177 975 1225 amicum

92 1243 123 1291 sit
134 1243 260 1291 animatus.
295 1243 376 1302 Quam
383 1245 459 1292 multa
467 1243 540 1302 enim,
548 1260 601 1307 qua
610 1252 691 1292 nostra
702 1260 773 1292 eausa
783 1260 909 1306 nunquam
918 1245 976 1292 sace·

91 1326 179 1368 ramus,
190 1310 290 1359 facimus
301 1327 373 1358 causa
391 1311 538 1358 amicorumi
557 1311 646 1374 precari
664 1313 693 1358 ab
710 1311 818 1372 indiguo.
829 1311 975 1374 supplicam

92 1385 145 1426 tum
162 1378 268 1426 acerbius
284 1378 311 1426 in
328 1377 431 1440 aliquem
448 1377 537 1436 invehi,
553 1378 711 1441 insectan'qua
727 1378 909 1426 vehementius:
926 1394 976 1441 que

93 1443 118 1492 in
130 1445 218 1492 nostris
227 1446 298 1493 rebus
308 1461 358 1493 non
369 1445 427 1493 satis
438 1445 545 1502 honeste,
553 1445 579 1492 in
589 1445 719 1493 amicorum
730 1445 792 1493 siunt
804 1445 976 1492 honestissime.

93 1510 176 1559 Multa
195 1527 289 1574 quoque
309 1528 347 1559 res
365 1521 430 1569 sunt,
448 1511 474 1559 in
492 1511 625 1574 quibusda
643 1511 694 1560 suis
713 1511 845 1560 commodis
856 1511 902 1559 viri
921 1511 975 1558 boni

92 1580 168 1626 muita
185 1579 318 1637 detrahunt,
330 1579 467 1642 detrahique
485 1578 615 1642 patiuntur,
627 1586 655 1627 ut
672 1578 703 1627 iis
720 1579 791 1627 amici
806 1577 975 1642 potiusquam

93 1644 145 1708 ipsi,
156 1645 272 1694 fruantur.
843 1652 845 1656 ⁴

125 1713 208 1761 Altera
227 1713 345 1761 sententia
363 1719 408 1770 est,
419 1722 471 1775 qum
488 1712 571 1761 definit
587 1712 715 1760 amicitiam
734 1712 832 1775 paribus
849 1710 933 1759 officiis
950 1727 977 1759 ae

93 1779 262 1828 voluntatibus.
296 1780 351 1828 Hoc
362 1780 458 1842 quidem
470 1787 505 1828 est
516 1779 588 1827 nimis
600 1779 687 1840 exigue
696 1788 721 1827 ct
731 1779 825 1827 exiliter
833 1779 862 1827 ad
875 1780 976 1826 calculos

92 1861 176 1894 vocare
187 1847 324 1905 amicitiam,
335 1855 363 1895 ut
374 1862 418 1909 par
428 1846 459 1894 sit
469 1847 529 1894 ratio
546 1854 695 1910 acceptorum
714 1855 736 1894 et
748 1847 865 1894 datorum.
901 1845 977 1894 Ditior

93 1913 152 1961 mihi
169 1921 194 1961 et
210 1913 344 1962 affluentior
361 1915 454 1963 videtur
470 1929 521 1962 essa
533 1929 588 1961 vera
605 1913 722 1972 amicitia3
740 1930 785 1961 nec
803 1915 928 1961 observare
944 1928 976 1959 re·

93 1979 179 2038 stricte,
191 1996 222 2028 na
240 1983 295 2043 plus
312 1981 400 2039 reddat,
412 1997 485 2044 quam
502 1980 624 2042 acceperit
658 1980 745 2043 Neque
765 1980 831 2028 enim
847 1980 976 2029 verendum

93 2054 135 2104 est,
147 2063 178 2094 ne
195 2047 252 2108 quid
269 2048 370 2105 excidat,
382 2056 424 2096 aut
441 2047 546 2110 nequid
563 2046 589 2095 in
607 2054 693 2095 terram
708 2047 804 2105 defluat,
817 2055 858 2095 aut
875 2063 906 2095 ne
923 2047 977 2110 plus

91 2129 160 2175 aquo
172 2114 229 2175 quid
240 2113 265 2161 in
277 2113 399 2162 imicitiam
411 2123 559 2176 congeratur.

125 2179 223 2228 Tertius
241 2197 296 2227 vero
314 2181 353 2229 ilie
371 2181 427 2229 finis
447 2182 597 2238 deterrimus,
610 2188 644 2239 nt,
661 2180 744 2244 quanti
761 2180 864 2243 quisquc
881 2197 906 2228 se
926 2180 977 2243 ipse

92 2246 169 2304 faciat,
181 2246 242 2294 tanti
253 2247 294 2294 fiat
306 2250 335 2295 ab
346 2248 436 2296 amicis.
469 2248 537 2312 Saepe
555 2249 619 2296 enim
631 2248 656 2296 in
668 2248 809 2311 quibusdam
821 2256 864 2296 aut
882 2247 978 2296 animus

92 2313 202 2377 abJ‘eetior
213 2322 256 2371 est,
268 2322 310 2363 aut
326 2331 380 2378 spes
391 2316 562 2378 amplificanda
573 2315 671 2364 fortuna
683 2315 783 2364 fractior.
817 2312 876 2363 Non
888 2323 925 2362 est
936 2313 978 2374 igi-

92 2390 131 2429 tur
142 2380 220 2440 amici,
232 2383 302 2429 talem
314 2398 365 2429 csse
376 2383 401 2429 in
413 2399 476 2439 eum,
489 2383 566 2445 qualis
577 2384 616 2432 ilie
625 2384 650 2431 in
663 2399 688 2431 sc
700 2391 749 2440 est3
766 2383 807 2430 sed
819 2381 900 2444 potius
912 2380 977 2438 eniti,

92 2457 116 2497 et
133 2448 233 2506 efficere,
247 2457 274 2497 ut
291 2447 361 2496 amici
375 2449 494 2512 jacentum
512 2450 620 2498 animum
639 2451 732 2507 excitet,
745 2449 890 2512 inducatque
910 2464 976 2512 spem

91 2515 307 2577 cogitationemque
320 2516 450 2564 meliorem.

125 2583 196 2630 Alius
212 2582 284 2643 igitur
294 2582 350 2630 finis
362 2599 421 2630 veta
439 2582 545 2631 amicitia
557 2582 737 2630 constituendus
748 2590 790 2633 est.
803 2581 823 2629 si
835 2581 908 2644 prins,
921 2580 976 2642 quid

92 2651 197 2697 maxime
214 2650 382 2711 reprehendere
400 2649 482 2712 Scipio
499 2650 582 2698 solitus
599 2650 636 2706 sit,
651 2650 740 2698 dixero.
775 2648 887 2708 Negabat
903 2651 976 2696 uliam

92 2731 174 2764 vocem
186 2715 342 2764 inimiciorem
354 2717 462 2764 amicitia
479 2716 582 2778 potuisse
598 2716 699 2780 reperiri,
712 2733 783 2778 quam
802 2717 861 2779 ejus,
873 2715 914 2777 qui
926 2715 976 2762 dix·

91 2781 155 2839 isset,
168 2783 200 2830 ita
212 2799 290 2830 amare
303 2793 415 2845 oportere,
427 2791 454 2831 ut
465 2784 485 2830 si
497 2783 624 2846 aliqnando
637 2792 699 2831 esset
710 2799 810 2831 osumst
828 2799 873 2830 nec
885 2798 939 2830 vero
951 2797 976 2828 se

81 2845 176 2896 'adduci
196 2866 273 2911 posse,
291 2861 318 2898 ut
335 2850 381 2898 hoc
402 2850 612 2911 (quemadmodum
631 2853 763 2916 putaretur)
784 2867 798 2897 a
816 2848 904 2897 Biante
925 2863 976 2895 esse

92 2915 181 2963 dietum
193 2916 302 2974 crederet,
314 2917 355 2979 qui
367 2917 462 2978 sapiens
473 2917 567 2965 habitus
579 2926 640 2965 esset
653 2934 717 2965 unus
728 2933 741 2965 c
753 2925 844 2979 septem
856 2934 862 2974 3
880 2916 922 2964 sed
933 2915 976 2962 im·

92 2982 145 3044 puri
156 2984 288 3046 cujusdam,
300 2993 342 3032 aut
353 2983 477 3041 ambitiosi,
490 2992 531 3032 aut
543 2984 623 3032 omnia
634 2985 663 3032 ad
675 3001 744 3032 suam
762 2984 893 3046 potentiam
911 2996 976 3030 revo-

91 3049 173 3107 cantis,
185 3067 237 3098 esse
254 3051 403 3099 sententiam.
438 3051 550 3109 Quonam
569 3051 633 3099 enim
651 3051 720 3099 modo
738 3050 866 3113 quisquam
884 3049 975 3097 amicus

88 3131 141 3164 esse
149 3117 244 3180 poterit,
257 3117 296 3166 cui
308 3134 333 3166 se
345 3117 436 3182 putabit
453 3118 577 3167 inimicum
589 3135 641 3166 esse
655 3119 743 3179 possed
780 3117 921 3176 Quinetiam
933 3131 972 3163 ne·

78 3200 147 3234 cesse
159 3185 204 3236 erit
215 3203 307 3253 cupere
319 3196 344 3237 et
355 3194 446 3252 optate,
457 3195 487 3237 ut
498 3203 572 3252 quam
585 3185 713 3248 saqissima
724 3195 808 3244 uectat
815 3183 915 3241 amicus,
925 3198 974 3244 quo
