2054 3946
90 187 127 241 44
409 181 458 226 DE
484 181 664 226 OFFICIIS.

91 290 213 347 solutum
229 291 353 365 putabat.
389 289 430 348 Et
444 300 503 347 erat
516 292 621 356 verbm,
631 309 662 346 re
677 308 734 346 non
746 297 815 345 erat.
851 288 973 362 Semper

91 380 184 425 autem
199 370 229 425 in
243 369 310 436 fide,
326 370 393 441 quid
409 371 544 437 senseris,
560 389 619 426 non
633 368 702 441 quid
717 368 834 434 dixeris,
848 368 962 442 cogitari

91 447 169 505 dum.
212 450 373 506 Maximum
389 460 482 506 autem
497 449 661 524 exemplum
676 458 720 504 est
729 448 848 524 justitie
863 448 893 503 in
907 446 974 503 bos·

92 537 147 584 teni
169 548 185 583 a
208 529 362 604 majoribus
383 529 488 585 nostris
510 530 706 594 constitutum,
729 546 794 584 cuni
819 547 836 583 a
858 526 973 601 Pyrrho

91 607 211 682 perfuga
219 608 329 664 senatui
340 618 385 664 est
398 608 552 682 pollicitus,
566 627 597 663 se
608 626 749 664 venenum
760 610 821 681 regi
830 607 972 673 daturum,

93 685 138 763 [et
152 705 216 742 euni
232 686 444 765 necaturum.]*
487 688 610 743 Senatus
625 698 654 742 et
668 685 705 742 C.
716 686 864 742 Fabricius
879 685 974 762 persn-

93 785 156 841 gam
173 767 286 841 Pyrrho
301 766 403 827 dediti
444 766 536 823 Itane
552 766 643 822 hostis
663 765 790 836 quidem,
806 777 835 822 et
847 765 973 841 potentis

92 856 121 903 et
141 846 247 902 bellum
269 846 341 902 ultro
363 845 520 914 inserentis,
543 846 687 902 interituni
709 864 774 901 cuni
787 846 905 915 ‘scelere
926 864 962 921 ap
997 876 1000 883 ·

93 927 231 1000 probavit.
520 974 524 982 .

133 1005 175 1060 ilc
190 1005 224 1060 de
239 1004 349 1061 bellicis
365 1003 480 1076 quidem
495 1004 598 1061 officiis
613 1004 681 1060 satis
693 1003 799 1061 dictum
815 1014 868 1060 est.
911 1004 974 1061 Me·

94 1084 260 1140 minerimus
290 1094 394 1150 autem,
424 1085 508 1140 etiam
537 1084 672 1140 adversus
699 1084 814 1140 infimos
831 1084 973 1159 justitiam

95 1180 159 1218 esse
173 1163 350 1218 servandam.
391 1163 447 1219 Est
461 1176 555 1219 antem
571 1164 669 1219 intima
682 1163 808 1219 conditio
821 1174 850 1219 et
863 1162 975 1219 fortune

94 1261 252 1306 servorum,
269 1242 381 1313 quibus
398 1261 454 1298 non
471 1243 542 1299 malo
557 1243 735 1317 praecipiunt,
752 1244 801 1314 qui
815 1243 854 1298 ita
872 1243 974 1318 jubent

94 1321 146 1387 uti,
157 1332 188 1376 ut
198 1323 389 1386 mercenariis,
403 1340 518 1396 operam
531 1322 711 1396 exigendam,
723 1323 801 1397 justa
813 1321 972 1397 praebenda.

136 1398 211 1456 Cum
233 1410 326 1457 autem
343 1400 452 1456 duobus
468 1400 571 1467 modis,
587 1400 684 1467 idest,
700 1412 748 1457 aut
762 1402 789 1458 vi
804 1400 972 1468 actitando,

95 1480 144 1537 fiat
157 1479 278 1555 injuria;
301 1480 376 1536 fraus
392 1481 473 1551 quasi
489 1481 656 1555 vulpeculae,
676 1481 718 1537 vis
738 1481 831 1536 leonis
847 1481 972 1537 videtur:

95 1570 245 1630 utrumque
260 1561 376 1616 homine
399 1559 616 1625 alienissimum,
632 1559 682 1615 sed
704 1559 779 1616 smus
801 1558 868 1616 odio
890 1559 973 1637 digne

95 1640 211 1715 majore.
254 1640 357 1695 Totius
372 1648 466 1695 autem
481 1640 627 1715 injustitiae
648 1640 725 1695 nulla
744 1639 907 1714 capitaliorss
921 1650 973 1705 est,

95 1737 180 1789 quam
202 1736 310 1785 eornm,
333 1719 468 1790 quicum
495 1719 619 1774 maxime
641 1718 750 1783 fallunt,
773 1718 802 1774 id
827 1730 924 1794 agunt,
945 1730 974 1775 nt

96 1797 148 1853 viri
164 1797 230 1853 boni
245 1816 308 1853 esse
323 1797 497 1872 videantur.§
538 1798 583 1855 De
594 1795 705 1873 justitia
719 1799 788 1853 satis
803 1797 973 1855 dictumest

148 1958 238 2016 CAP.
254 1959 338 2016 XIV.
366 1959 446 2030 Quot
458 1961 491 2018 in
504 1960 679 2018 liberalitate
694 1961 857 2020 canendum
871 1961 922 2020 eit.

135 2087 300 2153 Deinceps,
326 2099 357 2145 ut
380 2100 440 2146 erat
462 2092 650 2165 propositum,
672 2090 707 2146 de
729 2091 919 2149 beneficentia
943 2112 974 2151 ao

95 2168 260 2226 liberalitate
276 2168 401 2234 dicatur;
424 2188 480 2239 qua
494 2169 608 2240 quidem
625 2170 761 2226 iiiiii-est
781 2182 887 2228 naturae
910 2170 975 2249 [lio-

97 2245 199 2322 minis]
226 2248 484 2305 accommodatius:
514 2248 564 2304 sed
588 2249 671 2305 habet
694 2251 796 2306 multas
817 2252 973 2308 cautiones.

96 2325 258 2381 Videndum
273 2337 317 2382 est
331 2328 407 2383 enim
423 2329 556 2402 primum,
573 2348 608 2384 ne
629 2331 704 2384 obsit
723 2331 884 2404 benignitas
898 2342 927 2387 et
940 2332 975 2390 ils

96 2406 177 2479 ipsis,
194 2406 296 2476 quibus
309 2407 430 2481 benigue
441 2407 580 2463 videbitur
593 2409 665 2473 ficri,
676 2418 703 2464 et
715 2411 816 2465 ceteris
830 2431 837 2466 ε
860 2409 974 2478 deinde,

95 2503 130 2541 ne
146 2485 235 2559 major
257 2486 415 2559 benignitas
430 2487 477 2550 sit,
494 2505 578 2558 quani
600 2487 763 2544 facultates:
787 2501 857 2554 tum,
874 2500 904 2545 nt
925 2508 976 2565 pro
1003 2516 1006 2521 ·

129 2650 141 2678 *
154 2646 187 2690 Et
199 2657 255 2689 eum
266 2646 419 2690 necaturum.
454 2647 530 2692 These
542 2649 606 2693 three
618 2649 695 2694 words
704 2663 742 2694 are
754 2651 876 2706 supposed
887 2656 911 2696 to
923 2652 975 2698 bea

95 2699 157 2753 gloss
168 2699 330 2752 transplantcd
342 2699 401 2742 from
413 2700 451 2743 thc
464 2713 514 2744 mar
531 2702 563 2745 in.

127 2752 143 2806 †
158 2753 241 2813 Duru„
271 2754 304 2795 On
317 2753 356 2812 the
367 2754 485 2808 authority
497 2716 529 2796 od
538 2755 668 2800 Lambinus
677 2757 723 2800 ond
736 2758 764 2800 of
778 2757 867 2812 Bishop
884 2759 969 2803 Pearcr

95 2805 118 2848 J.
129 2806 155 2848 F.
168 2807 300 2865 Heusinger
313 2818 377 2857 gives
389 2807 479 2851 dedidit
490 2808 617 2868 sordcdim
636 2809 712 2852 which
726 2811 796 2854 isnot
807 2811 880 2854 thund
892 2812 919 2856 in
930 2824 959 2857 an

95 2858 147 2900 MS.
177 2858 339 2918 Relinquenda
351 2864 400 2900 erat
408 2860 615 2904 Pseudo-Ciceroni
624 2875 667 2905 sun
678 2863 786 2908 latinitas.
819 2864 955 2919 (Gornhard

129 2913 141 2958 ss
157 2911 437 2964 Tutini—capitalior.
471 2913 547 2956 Mirus
558 2915 668 2967 loquendi
680 2917 780 2964 modus:
798 2918 953 2972 protnjualr'h

95 2962 194 3023 nultum
205 2973 282 3015 geniis
291 2965 324 3007 cst
333 2964 462 3025 enodatius
470 2985 480 3017 ,·
495 2967 531 3008 vel
539 2969 608 3011 stulto
617 2968 741 3022 injiictttitf
753 2971 836 3032 spectes
845 2974 879 3014 eit
888 2972 951 3026 capti

89 3015 289 3109 ‘ildir'llmckwm
313 3018 401 3062 excidit
423 3018 532 3072 specui?
560 3032 592 3064 an
615 3021 742 3076 legendum
764 3024 947 3079 tnjitstiliarun

85 3077 118 3106 Lc
134 3078 148 3106 e
166 3078 197 3112 er,
257 3099 262 3111 .

65 3115 129 3210 [ΜΞ
143 3118 284 3214 ιῆἕίίζξὶἕίαθ·
323 3121 422 3179 Ἐσχᾶτη
431 3125 472 3180 γὰρ
483 3125 557 3170 ddutio
566 3123 636 3171 lariti
646 3125 727 3171 binatim
737 3123 801 3180 cliuix
808 3128 902 3180 nhluriii
920 3130 941 3166 Ρ·
