2054 3946
95 222 149 275 102
425 214 469 259 or:
487 214 668 261 urricus.

93 322 242 398 ejicienda.
272 324 327 381 Est
341 324 417 381 eninr
433 324 548 381 inimica
557 323 744 391 verecundiae,
757 323 821 381 sine
834 340 890 395 qna
900 320 967 381 nihil
1014 380 1017 391 ,

93 414 200 458 rectum
216 422 280 458 esse
296 414 399 478 potest,
415 405 487 461 nihil
502 405 665 462 honesturn.

133 482 194 538 Eos
210 493 313 547 autem,
330 502 449 554 quorum
466 485 521 540 vita
536 494 684 559 perspecta
698 483 728 539 in
742 483 827 538 rebus
846 480 966 539 honestis

94 571 177 632 atque
205 563 314 636 magnis
339 572 391 629 est,
413 565 485 620 bene
517 563 552 620 de
577 563 722 638 republica
748 562 917 627 sentientes,
939 580 968 619 se

95 642 166 697 bene
188 642 315 707 meritos,
331 653 378 698 aut
398 654 550 709 merentes,
566 643 617 709 sic,
633 653 664 699 ut
681 642 777 713 aliquo
798 641 908 697 honore
927 649 969 697 aul

96 721 216 795 imperio
232 720 357 785 affectos,
370 723 520 778 observare
532 732 560 777 et
573 724 666 779 colere
680 720 838 777 debemus:
855 720 970 777 tribuere

95 800 180 855 etiam
202 800 321 855 multum
343 802 501 857 senectuti:
525 801 625 857 cedere
646 802 692 867 iis,
708 800 758 872 qui
780 799 970 875 magistratum

96 879 254 935 habebunt:
277 880 380 935 habere
404 879 536 937 dilectum
558 881 630 937 civis
649 891 678 937 et
698 880 862 955 peregrini:
885 878 917 935 in
933 876 971 953 ip-

97 977 186 1029 soque
207 959 368 1034 peregrino,
389 961 557 1034 privatimne
580 980 615 1017 an
636 960 748 1036 publice
769 958 891 1016 venerit.
931 954 971 1015 Ad

97 1056 248 1103 summam,
277 1058 312 1095 ne
340 1057 421 1113 agam
449 1039 484 1095 de
512 1040 644 1115 singulis,
673 1056 857 1096 communem
892 1037 971 1095 totins

98 1119 209 1192 generis
244 1118 392 1174 hominum
421 1119 650 1175 conciliationem
679 1128 707 1175 et
732 1115 971 1175 consociationem

98 1197 202 1264 colere,
218 1197 300 1264 tueri,
317 1216 428 1254 servare
444 1197 590 1255 debemus.

99 1324 188 1383 CAP.
211 1325 305 1383 XLII.
348 1323 393 1382 De
413 1326 584 1401 questibus,
607 1325 659 1402 qui
683 1323 817 1382 liberales
840 1322 970 1387 habendi·

254 1405 306 1482 qui
322 1405 445 1462 sordidi.
487 1404 692 1482 Agriculturae
705 1404 819 1461 lucader.

137 1519 198 1577 lan
211 1519 245 1576 de
261 1520 384 1576 artificiis
401 1530 429 1575 et
442 1521 607 1590 questibus,
623 1520 672 1590 qui
692 1518 824 1575 liberales
844 1516 972 1585 habendi,

99 1600 147 1671 qui
163 1599 269 1655 sordidi
284 1601 350 1664 sint,
366 1601 426 1656 haec
440 1599 498 1655 fere
514 1600 685 1673 accepimus.
728 1598 861 1655 Primum
875 1600 973 1673 impre·

98 1681 199 1736 bantur
213 1680 233 1734 ii
249 1689 383 1750 quaestus,
400 1679 492 1750 quiin
508 1678 573 1736 odia
593 1678 742 1734 hominurn
759 1677 927 1735 incurrunt:
945 1684 974 1733 ut

100 1759 277 1834 portitorum,
292 1768 323 1814 ut
337 1758 556 1815 feneratorum*
597 1757 753 1813 Illiberales
769 1767 864 1813 autem
879 1768 909 1813 et
920 1774 974 1814 sor·

100 1838 159 1894 didi
181 1850 305 1908 quaestus
323 1839 561 1895 mercenariorum
583 1837 721 1901 omnium,
737 1854 859 1906 quornm
874 1852 973 1911 opere,

100 1936 158 1974 non
178 1935 298 1987 quorum
320 1909 392 1973 artes
417 1929 557 1973 emuntur.
600 1917 654 1973 Est
678 1916 755 1972 enim
780 1916 810 1971 in
836 1915 894 1971 illis
918 1914 976 1991 ipsa

101 2015 210 2052 merces
228 2007 469 2053 auctoramentum
490 1996 644 2052 servitutis.
687 1994 802 2052 Sordidi
823 1996 909 2052 etiam
930 2012 976 2070 pu·

102 2075 188 2142 tandi,
205 2077 254 2146 qui
277 2087 435 2132 mercantur
450 2096 465 2132 a
479 2077 690 2142 mercatoribus,
707 2072 783 2146 quod
803 2075 900 2131 statim
914 2092 976 2131 ven-

101 2154 177 2210 dant.
221 2156 303 2211 Nihil
323 2157 399 2212 enim
422 2156 579 2230 proficiant,
594 2155 649 2211 nisi
671 2153 822 2210 admodum
843 2154 977 2211 mentian-

101 2247 155 2291 tur.
198 2235 261 2291 Nec
272 2255 338 2293 vero
350 2245 394 2290 est
408 2234 562 2306 quidquam
579 2235 687 2309 turpius
703 2232 850 2294 vanitate.†
891 2232 977 2309 Opifi·

102 2332 205 2385 cesque
221 2334 320 2372 omnes
343 2316 371 2371 in
395 2314 509 2371 sordida
530 2327 587 2370 arte
603 2316 776 2386 versantur.‡
817 2312 884 2370 Nec
904 2313 976 2371 enim

417 2442 566 2485 CHAPTER
583 2440 660 2486 XLII.

133 2531 307 2575 *Portitorum
318 2530 347 2574 ul
352 2529 527 2586 feneratorum.
562 2530 598 2582 By
608 2529 647 2571 the
659 2528 744 2571 former
754 2531 813 2570 term
830 2540 887 2581 may
899 2528 929 2573 be
939 2538 977 2572 mt-

101 2584 209 2628 derstood
228 2583 327 2635 a'aflrt'or
346 2584 461 2628 collectore
480 2583 507 2639 ef
519 2582 557 2627 the
574 2581 656 2636 public
673 2592 792 2632 νθυενιιιε,Ι
813 2582 842 2624 os
857 2582 897 2624 the
917 2592 977 2625 niue

101 2639 167 2690 class,
179 2629 300 2700 probably.
313 2650 338 2680 as
349 2637 387 2680 the
405 2648 504 2690 persons
522 2635 600 2678 whom
616 2634 655 2677 the
673 2637 733 2679 Now
744 2635 885 2678 Testamont
899 2635 939 2690 (tte
954 2634 978 2677 ln

99 2693 209 2736 Mettrx.
224 2692 269 2744 100
291 2690 453 2734 denominantes
472 2689 580 2738 τελώναςς
601 2688 727 2731 translated
761 2688 911 2739 ubllcunusa
933 2684 977 2731 end

99 2745 153 2788 who
162 2758 220 2808 may
233 2744 260 2788 be
272 2743 394 2797 supposed
406 2748 429 2785 to
443 2742 470 2784 bo
483 2740 631 2793 everywhere
643 2700 786 2802 unpopubar·
821 2742 871 2785 But
881 2740 921 2785 the
935 2736 978 2785 rael

99 2794 978 2909 ttlhhtthtltfhaarstillaturamhaethfeltha

100 2909 198 2958 respect.
232 2904 398 2953 Fenerulrresa
417 2902 482 2945 those
494 2902 548 2943 who
565 2901 634 2944 make
645 2913 659 2943 a
671 2901 735 2944 trade
746 2901 774 2943 of
787 2901 923 2955 advanctng
933 2910 978 2943 mo·

100 2967 147 3010 ney
160 2962 183 3001 to
194 2958 233 3000 the
249 2957 364 3009 indigent,
379 2954 426 2998 and
439 2955 491 2997 who
504 2959 567 2998 must
578 2954 719 3007 necessarily
731 2954 869 3007 propert-ion
882 2954 922 2998 the
932 2956 978 3014 reto

102 3009 128 3051 of
137 3010 231 3054 interest
242 3009 373 3053 demanded
386 3014 409 3052 to
421 3008 459 3051 the
470 3007 517 3050 risk
530 3008 586 3062 they
597 3020 651 3051 run.
685 3007 744 3050 This
756 3008 817 3050 class
827 3007 854 3050 of
863 3004 978 3059 manmit,

104 3062 128 3104 af
137 3074 225 3111 course.
238 3064 262 3106 in
275 3064 305 3106 all
317 3075 378 3115 ages,
390 3061 458 3105 incur
469 3061 570 3115 popular
582 3061 670 3104 odium.

133 3115 149 3167 †
163 3116 276 3160 Vuullute
310 3117 324 3139 “
336 3115 434 3158 Vanitas
445 3113 529 3157 dicitur
541 3114 570 3157 de
588 3113 698 3157 omnibus
709 3113 738 3156 iis
749 3113 820 3156 rebus
831 3125 884 3189 qu·
897 3112 979 3157 habeut

93 3179 109 3213 J
158 3168 200 3211 em
212 3169 317 3221 inanem,
330 3181 345 3213 a
357 3169 454 3213 veritate
472 3167 592 3222 alienatur
605 3172 642 3217 nt,
653 3168 682 3210 de
693 3167 834 3210 mendacio)
880 3166 978 3211 Ernesti.

67 3179 479 3360 Quasque-versantur.
521 3221 575 3268 The
598 3223 725 3274 contempt
743 3218 825 3262 which
842 3219 926 3263 Qitwtt
943 3230 981 3263 ex·
