2054 3946
108 194 163 249 150
422 186 471 233 DE
488 186 675 233 officiis.

106 295 225 363 lraber03
247 296 365 372 gratiam
381 305 474 353 autem
490 296 580 368 etqui
598 296 734 364 retulerit,
749 296 879 355 habere:
900 306 928 355 et
938 296 982 371 qai

104 374 213 441 habeat,
231 377 371 432 retulisse.

141 457 188 520 At,
205 458 253 526 qui
270 476 300 511 se
316 455 473 530 locupletes
494 455 659 522 honoratos,
674 455 774 512 beatos
791 466 903 533 putant,
919 456 939 513 ii
950 474 983 515 nc

102 534 220 609 obligari
236 534 351 605 quidem
372 535 512 591 beneficio
527 535 634 592 volunt.
676 534 756 600 Quin
777 538 868 593 etiam
887 536 982 593 beneti-

102 613 177 669 cium
193 633 224 670 se
239 614 351 670 dedisse
367 616 545 680 arbitrantur,
558 632 622 671 cum
639 614 693 689 ipsi
705 617 843 687 quamvis
855 634 982 691 maguum

102 692 217 763 aliquod
239 694 417 768 acceperint:
440 704 523 764 atque
545 695 629 749 etiam
644 712 705 748 ase
719 705 770 750 aut
786 695 929 770 postulari
940 708 983 753 aut

101 774 260 846 exspectari
274 773 381 844 aliquid
394 774 594 848 suspicantur:
617 771 776 848 patrocinio
791 792 862 831 vero
875 792 909 831 ce
920 792 982 831 ucoc

100 862 129 906 et
143 852 260 908 clientes
276 853 423 927 appellari,
441 852 538 909 mortis
554 853 642 908 instar
653 862 764 928 putant.
807 855 848 909 At
859 872 927 911 vcro
938 854 981 911 ille

100 932 204 998 tenuis,
225 952 300 997 cum,
322 931 461 1003 quidquid
481 933 585 988 lactum
607 932 653 994 eit.
676 949 708 987 se
733 942 910 1006 spectatum,
926 950 981 991 ‘riou

100 1011 239 1067 l'ortunam
264 1022 352 1086 putat,
377 1031 433 1067 nou
460 1010 545 1068 modo
565 1011 617 1076 itu,
632 1011 680 1081 qui
704 1022 748 1066 est
771 1012 981 1079 meritue‚¹sed

100 1091 184 1145 etimn
200 1092 256 1146 illis
271 1112 286 1146 a
300 1092 403 1162 quibus
415 1100 562 1165 exspectat
574 1088 650 1168 (eget
663 1090 739 1145 enirn
752 1090 866 1168 multis)
877 1102 979 1167 gratum

99 1188 130 1224 se
147 1169 234 1225 videri
250 1171 360 1226 studet:
377 1189 469 1242 neque
486 1189 553 1226 vero
567 1170 659 1226 verbis
674 1181 759 1244 auget
771 1188 859 1227 suum
871 1190 979 1239 munus,

98 1249 123 1302 si
139 1268 196 1320 quo
211 1249 281 1305 sorte
296 1250 431 1324 iungitur,
447 1249 597 1305 sedetiam
618 1259 762 1305 extenuat.
808 1248 979 1308 Videndum·

99 1346 153 1397 que
169 1329 237 1384 illud
253 1340 305 1394 ost,
322 1329 437 1399 quodsi
460 1329 625 1403 opulentum
640 1328 875 1401 fortunatumque
890 1330 979 1387 desen·

98 1406 183 1474 deris,
197 1409 226 1464 in
241 1427 297 1463 uno
312 1409 372 1473 illo,
386 1419 433 1464 aut
447 1407 518 1463 sorte
534 1408 563 1464 iu
577 1408 673 1464 liberis
686 1408 748 1483 ejus
764 1419 864 1464 manet
876 1410 976 1485 gratia:

98 1487 142 1542 siu
158 1500 250 1544 autem
265 1488 391 1562 inopem,
406 1489 526 1563 probum
542 1498 636 1543 tamen
651 1498 679 1543 et
692 1487 869 1554 modestum,
884 1508 977 1547 omnes

97 1585 154 1622 uon
169 1567 292 1642 improbi
308 1567 430 1623 humiles
447 1567 521 1645 (qum
543 1586 645 1642 magna
660 1568 688 1622 in
707 1567 817 1642 populo
831 1567 977 1625 multitudo

97 1644 151 1722 cst)
185 1646 351 1722 praesidium
382 1648 436 1704 sibi
468 1657 595 1721 paratum
627 1646 732 1702 vident.
786 1645 976 1711 Quamobrem

97 1726 198 1781 melius
215 1725 288 1801 apud
309 1727 411 1793 bonne,
427 1746 511 1798 quam
533 1724 608 1800 apud
622 1724 791 1792 fortunatos,
807 1726 975 1783 beneficium

97 1805 229 1861 collocari
246 1815 323 1879 pute.
769 1849 772 1853 -

136 1883 237 1940 Danda
251 1885 368 1941 omnino
383 1896 536 1959 operaest,
552 1894 583 1940 ut
603 1885 680 1941 omni
695 1883 794 1959 generi
816 1884 976 1941 satisfacere

96 1964 250 2034 possimus.
294 1963 351 2019 Sed
376 1966 400 2020 si
421 1983 466 2020 res
489 1966 517 2020 in
539 1964 749 2020 contentionem
772 1964 880 2029 veniet,
899 1964 976 2021 nimi·

97 2060 158 2097 rum
186 2043 412 2103 'l'bemistoclesl
434 2054 478 2099 est
504 2053 584 2098 aucta
607 2041 806 2108 adhibendus;
837 2044 889 2114 qui
914 2062 974 2101 curn

96 2122 299 2188 consuleretur,
316 2134 408 2179 utrum
429 2125 505 2179 bono
521 2123 580 2178 viro
601 2122 729 2196 pauperi,
746 2140 781 2177 an
804 2122 902 2179 minus
915 2140 975 2199 pro·

97 2201 160 2256 bato
188 2200 268 2255 diviti
295 2202 383 2257 filiam
411 2202 579 2258 collocaret:
616 2202 714 2276 “Ego
742 2200 846 2265 ver0‚''
876 2200 974 2274 inquit,

97 2280 170 2336 malo
192 2280 282 2336 virum
305 2282 353 2351 qui
375 2283 496 2356 pecunia
518 2292 607 2356 egeat,
628 2299 712 2351 quam
738 2281 894 2355 pecuniam
916 2298 974 2354 qurc

96 2359 189 2416 viro.'’
232 2359 288 2415 Sed
305 2362 427 2435 corrupti
444 2380 536 2416 mores
555 2360 755 2435 depravatique
770 2370 839 2415 sunt
860 2360 976 2418 admira·

95 2518 141 2549 nna
151 2505 225 2549 reddit
238 2515 291 2546 eam
303 2501 416 2556 quamdiu
428 2501 511 2544 loiret:
531 2513 585 2544 cum
597 2513 652 2544 vero
664 2499 745 2551 reddit,
758 2512 812 2543 earn
826 2499 909 2545 babere
919 2500 976 2545 deci·

94 2561 135 2603 nit
173 2558 283 2602 Gratiam
293 2561 374 2598 auteur
383 2560 406 2598 et
418 2556 437 2597 is
450 2555 490 2608 qui
503 2554 669 2604 encliticam
682 2554 750 2609 (dum
762 2560 859 2607 gratum
870 2554 975 2599 mimum

95 2613 190 2666 retinet)
205 2617 228 2655 ot
238 2610 279 2664 uui
295 2609 361 2653 tutet
375 2610 452 2669 (erato
466 2608 489 2650 in
509 2607 568 2651 bene
582 2607 677 2650 meritos
694 2607 775 2651 animo
786 2606 834 2661 est)
849 2620 904 2653 cem
915 2608 975 2653 rdo-

95 2662 466 2720 lr'l,ctquodemmodocxsovrt.
665 2713 670 2722 Ι
716 2713 721 2723 .

126 2727 138 2749 *
155 2719 200 2771 Qui
211 2719 242 2762 ert
256 2716 349 2760 merdas
358 2733 366 2758 :
384 2715 435 2759 rum
445 2714 565 2765 aufferret
577 2713 613 2757 tlte
622 2713 761 2766 obligatam.

126 2773 141 2827 †
156 2770 327 2818 't'temaructee
361 2769 467 2811 Valerius
483 2760 613 2817 Maximus,
625 2766 664 2810 lib.
677 2767 713 2809 vii.
727 2779 746 2810 c.
758 2768 780 2818 2,
792 2769 865 2810 states
877 2766 928 2813 tlrct
938 2764 974 2810 rm

95 2827 191 2880 opinion
205 2825 233 2867 ol
242 2822 412 2866 Themistocles
425 2835 473 2864 was
485 2820 556 2863 aslred
568 2819 598 2873 by
607 2819 646 2863 tlre
659 2820 734 2862 nither
743 2820 769 2862 ol
777 2832 809 2863 cn
821 2821 863 2863 onl
889 2818 975 2871 daura

94 2886 135 2930 ter,
147 2879 251 2922 wiretlrer
263 2883 286 2919 to
299 2876 350 2927 privo
364 2875 404 2916 lrcr
416 2875 439 2916 in
453 2874 565 2923 marriage
577 2878 600 2915 to
610 2886 624 2916 a
636 2886 691 2915 man
704 2873 731 2916 ol
740 2874 809 2917 merit
820 2874 852 2916 wi
879 2878 923 2918 out
933 2873 975 2917 lor·

95 2940 157 2978 tune.
170 2945 195 2974 or
214 2938 237 2974 to
255 2943 270 2972 a
281 2929 383 2981 rucaltby
395 2928 475 2971 suitor.
494 2927 534 2969 but
546 2926 601 2968 witlr
618 2938 650 2968 no
667 2927 733 2970 other
750 2926 974 2972 recommendatiou.

94 2988 103 3029 l
118 2985 200 3027 should
219 2982 376 3030 recommend,
392 2993 447 3040 says
464 2980 641 3032 Themistocles,
656 2979 732 3022 ratlrer
749 2980 789 3023 tlro
808 2992 869 3043 man
878 2980 974 3043 without

93 3031 973 3146 lttlttultltltcultitillabit,tilaplbntlrtrellalltti

92 3142 121 3183 of
135 3142 301 3186 Tlrornistoeles
319 3140 419 3184 himself.
453 3140 532 3183 Cicero
550 3138 701 3194 evidentlyis
718 3138 806 3193 gurded
825 3139 858 3195 by
869 3139 973 3185 vareno«

81 3196 218 3241 Maximus.
