2054 3946
21 29 955 255 u

360 467 432 515 tut.
449 467 489 513 11.
522 467 602 513 CAP.
621 468 681 514 XX.
909 475 963 528 149

73 595 107 637 re
118 576 248 646 alterius,
258 595 308 634 eoe
319 576 410 653 ipsos,
423 577 472 649 qui
484 587 531 634 aut
544 578 730 635 consuluntur
740 586 787 634 aut
797 575 961 642 delendum,

75 668 245 734 rogantem:
268 654 344 728 quod
364 657 413 729 qui
435 656 552 723 faciunt,
571 657 726 732 plurimum
747 657 843 732 gratim
864 674 963 712 eonse-

75 746 213 809 utuntur,
229 736 423 808 latissimeque
437 754 536 793 eorum
551 741 661 793 manat*
678 736 824 793 industria.

116 814 184 873 Jam
198 814 269 873 illud
289 834 347 873 non
361 827 428 872 sunt
442 814 613 872 admonendi
630 814 685 894 (est
699 817 775 872 enim
791 817 819 872 in
836 812 960 889 promtu)

77 906 109 953 ut
121 894 250 953 animum
265 893 420 961 advertant,
435 913 500 952 oum
517 895 618 970 juvare
640 895 711 951 alios
726 895 822 960 velint,
838 912 874 950 ne
889 911 961 964 quos

76 972 234 1031 offendant.
277 974 360 1050 Saepe
382 974 458 1031 enim
481 987 529 1030 aut
549 993 599 1030 eos
620 974 724 1030 ludent
744 992 816 1046 quos
838 991 895 1029 non
915 970 962 1027 de·

77 1052 155 1120 beot,
171 1062 221 1109 aut
233 1071 283 1111 eos
297 1072 369 1125 quos
384 1071 442 1111 non
456 1052 581 1128 expedit.
625 1053 657 1109 Si
672 1053 877 1127 imprudentes,
894 1069 960 1127 neg·

77 1130 201 1207 ligentiae
216 1143 276 1190 est:
300 1134 325 1190 si
339 1132 473 1198 seientes,
490 1132 664 1189 temeritatis.
708 1132 853 1190 Utendum
875 1131 961 1189 etiam

76 1220 120 1268 est
146 1212 330 1269 excusatione
353 1211 502 1271 adversusl
524 1230 574 1268 eos
599 1230 672 1283 quos
694 1212 798 1268 invitus
820 1210 960 1275 offendas,

75 1308 257 1364 quacumque
281 1291 412 1366 poesis;‡
440 1310 526 1363 quare
548 1290 586 1356 id,
609 1290 685 1362 quud
707 1291 819 1356 seceris,
841 1308 960 1347 neeesse

76 1368 171 1437 suerit,
186 1388 240 1427 neo
261 1370 342 1427 aliter
356 1370 447 1426 facere
469 1371 616 1445 potueris:
639 1371 797 1442 ceterisque
819 1370 914 1444 operis
933 1381 960 1425 et

75 1449 179 1507 officiis
194 1450 248 1506 erit
260 1449 298 1517 id,
314 1449 391 1522 quod
407 1450 541 1506 violatum
556 1461 608 1515 est,
624 1449 878 1525 compensandum.

75 1578 167 1637 cte.
183 1579 251 1637 XX.
289 1577 325 1636 In
338 1578 508 1636 hominibus
514 1577 665 1656 juvandis
677 1577 810 1655 gratiam
822 1576 957 1655 coptari:

271 1657 369 1716 beatos
384 1658 521 1735 beneficio
536 1656 667 1734 obligari
682 1656 766 1714 nolle.

113 1753 178 1809 Suo
191 1771 257 1809 eum
272 1752 300 1809 in
315 1752 478 1809 hominibus
495 1751 631 1828 juvandis
647 1762 694 1808 aut
715 1770 808 1807 mores
824 1753 956 1826 spectari,

73 1844 124 1889 aut
137 1832 250 1889 fortuna
270 1831 377 1888 soleat:
400 1831 476 1888 dictu
496 1831 611 1902 quidem
630 1841 674 1887 est
695 1830 848 1905 proclive,§
863 1832 957 1902 itaquo

72 1912 161 1988 vulgo
186 1911 351 1983 loquuntur,
378 1930 409 1968 se
434 1911 463 1967 in
489 1911 635 1967 benefieiis
661 1910 834 1968 collocandis
863 1928 956 1966 mores

73 1990 234 2057 hominum,
255 2010 313 2048 non
334 1989 474 2047 fortunam
496 1991 588 2061 sequi.
632 1991 763 2047 Honesta
783 1990 872 2045 oratio
894 2000 954 2045 est:

72 2068 124 2126 ned
140 2071 205 2142 quis
228 2080 272 2126 est
292 2069 414 2136 tandem,
431 2070 480 2141 qui
503 2069 597 2144 inopis
624 2082 651 2126 et
671 2069 772 2144 optimi
788 2069 841 2125 viri
864 2087 955 2125 causae

72 2166 132 2206 non
157 2160 319 2224 anteponat,
340 2150 370 2205 in
395 2168 481 2224 opera
506 2148 607 2214 danda,
634 2151 751 2224 gratiam
773 2149 905 2204 fortunati
928 2161 957 2204 et

72 2230 198 2303 potentis
211 2230 223 2285 l
264 2230 290 2287 Α
304 2247 361 2300 quo
379 2230 456 2285 enim
477 2228 637 2304 expeditior
652 2239 679 2284 et
694 2229 812 2285 celerior
827 2247 956 2285 remune-

72 2307 144 2364 ratio
158 2308 219 2365 sore
233 2307 353 2375 videtur,
369 2309 398 2365 iu
413 2326 477 2364 eum
494 2307 552 2365 sere
573 2318 617 2363 est
630 2308 759 2364 voluntas
781 2319 877 2364 nostra
891 2326 955 2382 pro·

73 2388 199 2463 pensior.
241 2387 298 2444 Sed
324 2386 603 2444 animadvertendum
627 2397 671 2443 est
693 2387 866 2462 diligentius,
893 2406 954 2458 quae

72 2476 173 2525 natura
189 2486 283 2524 rerum
304 2469 359 2523 sit:
383 2466 516 2522 nimirum
537 2466 612 2522 enim
635 2467 718 2541 inops
741 2467 797 2532 ille,
815 2468 839 2523 si
862 2468 954 2523 bonus

72 2555 118 2603 est
136 2547 191 2614 vir,
212 2548 297 2603 etiam
323 2547 347 2603 si
369 2546 471 2602 referre
498 2546 614 2620 gratiam
644 2565 701 2602 non
726 2557 828 2622 potest,
851 2546 953 2602 habero

72 2634 149 2683 certe
164 2635 267 2701 potest.
310 2624 470 2682 Commode
492 2635 584 2681 autem
600 2625 772 2696 quicumque
795 2625 889 2692 dixitll
906 2644 953 2700 pe-

72 2705 186 2762 cuniam
200 2705 248 2776 qui
261 2705 372 2769 habeat,
388 2723 445 2761 non
460 2703 636 2771 reddidisse3
653 2705 702 2776 qui
717 2703 880 2770 reddiderit,
896 2724 951 2760 nou

126 2811 421 2867 nativumque-manat.
454 2813 529 2856 Meris
540 2823 597 2868 very
608 2812 710 2867 generat
719 2812 912 2857 commendatior.

132 2864 257 2911 noveno.
291 2865 367 2919 Ergo.
401 2865 460 2909 Vide
471 2866 486 2910 l.
498 2865 514 2909 i.
525 2877 545 2909 o
560 2869 594 2916 tt,
605 2870 668 2909 note.

128 2918 216 2963 Potuit.
251 2919 281 2962 In
301 2931 345 2962 one
364 2920 416 2963 MS.
431 2919 520 2973 poerit:
541 2918 598 2962 with
617 2920 656 2963 the
672 2918 754 2972 ellipse
772 2918 800 2961 of
812 2917 887 2972 fieri:
906 2917 953 2961 thir

70 2975 147 3016 meets
156 2972 180 3017 J.
192 2974 219 3016 F.
232 2971 387 3023 HeueIntrer’s
405 2971 568 3026 approbation,
580 2972 628 3015 und
641 2972 660 3014 is
672 2971 703 3025 by
715 2972 835 3016 Gernlmrd
847 2971 952 3015 elevated

71 3024 179 3123 inmitme
194 3028 250 3069 text
283 3026 312 3070 In
325 3025 364 3069 tlte
382 3031 440 3068 next
450 3025 554 3080 chapter.
587 3026 676 3070 Danda
692 3035 762 3079 opero
774 3026 809 3069 est
820 3023 919 3069 ommno
930 3025 952 3070 ri

401 3147 552 3192 CHAPTER
568 3147 623 3192 XX.

103 3214 116 3257 t
132 3214 204 3259 Dlrtu
216 3214 313 3270 quidem
325 3215 360 3260 ert
368 3214 468 3269 proclive
477 3231 486 3257 :
503 3214 549 3258 thie
561 3215 580 3257 ie
592 3214 676 3258 indeed
688 3225 746 3275 easy
758 3217 782 3257 to
794 3226 844 3268 say.

103 3260 115 3321 Ι
128 3268 209 3313 Dixit.
241 3269 305 3312 wno
317 3280 368 3311 was
379 3269 418 3312 the
437 3268 521 3312 author
532 3268 559 3329 pt
572 3268 617 3312 this
627 3268 759 3329 proverbial
777 3267 916 3322 expression
932 3267 952 3312 iu

70 3327 112 3366 not
129 3321 233 3365 known:
257 3333 288 3364 on
307 3325 355 3364 two
377 3320 444 3364 other
465 3333 584 3364 occasions
606 3322 687 3364 Cicero
705 3321 775 3363 rosere
795 3325 819 3364 to
841 3321 866 3364 it.
907 3322 951 3365 Pro

69 3374 151 3420 Plane.
161 3386 181 3418 c.
194 3374 231 3418 28.
243 3376 263 3418 E
283 3405 288 3418 .
316 3378 352 3417 ost
362 3374 428 3426 redit.
440 3373 469 3416 ad
481 3375 509 3427 Q.
521 3386 541 3417 o.
554 3375 575 3418 9.
611 3375 634 3417 lt
651 3374 671 3416 is
688 3374 837 3428 interpreted
851 3376 880 3418 Α.
892 3372 952 3419 Gell.

70 3431 90 3472 1.
99 3429 122 3472 t.
150 3425 209 3490 'The
220 3387 281 3470 veri>
309 3427 376 3489 olere
392 3427 413 3470 ie
425 3427 495 3470 taken
504 3427 536 3489 ¹in
554 3439 568 3470 n
580 3426 664 3490 double
683 3439 797 3489 sensepns
810 3427 905 3482 applied
926 3433 950 3472 tu

67 3490 179 3538 perunte,
189 3479 237 3524 aud
255 3486 279 3524 to
295 3480 383 3534 grata.
417 3480 550 3524 Pecuntom
561 3492 603 3535 qut
621 3480 685 3526 dubet
696 3480 725 3523 ab
736 3482 815 3536 aliquo
833 3487 951 3535 mutuom,

506 3540 560 3597 13*
