2054 3946
15 29 945 154 ι·-

416 429 497 474 cao.
517 426 613 473 xxrr.
796 424 801 432 ·
896 431 952 485 281

72 547 110 589 tus
121 546 158 588 cst
171 555 185 587 a
196 538 284 600 collega
298 545 379 587 nostro
391 538 495 587 Metello.
528 536 664 598 Utrumque
676 534 725 598 egit
736 535 843 597 graviter,
855 535 954 586 auctori·

72 616 126 664 tate,
139 615 163 654 et
174 605 305 654 offensione
319 605 392 653 animi
405 621 454 653 non
467 607 557 652 acerba.

105 675 273 733 Quamobrem,
286 673 389 735 primum
402 672 481 720 danda
492 688 562 734 opera
573 679 616 726 est,
625 687 704 733 ncqua
715 670 844 718 amicorum
857 670 954 720 discidia

72 739 145 789 fiant:
163 741 201 787 sin
211 742 257 788 talc
269 740 358 802 aliquid
369 740 481 796 evenerit,
495 748 521 786 ut
532 737 654 787 exstincta
666 738 745 800 potius
754 736 870 795 amicitie,
882 754 955 799 quam

71 823 195 870 oppressae,
205 824 256 856 esse
269 807 399 856 videantur.
434 806 576 854 Cavendum
588 822 643 854 vero
652 813 695 863 est,
707 821 738 852 ne
750 805 822 852 etiam
834 805 859 852 in
872 819 955 865 graves

71 873 214 932 inimicitias,
231 882 370 923 convertant
390 890 416 922 se
436 872 558 921 amicitie:
586 873 703 936 equibus
721 871 807 936 jurgia,
823 870 955 930 maledicta,

71 941 228 998 contumelia,
241 943 386 1003 gignantur:
404 957 456 1003 quae
474 948 562 998 tamen,
580 939 600 988 si
618 940 749 988 tolerabiles
765 946 842 996 crunt,
854 939 969 987 ferenda

71 1016 144 1056 sunt:
168 1018 191 1056 et
209 1009 247 1056 bic
265 1009 341 1056 honos
361 1007 433 1055 veteri
445 1007 553 1054 amicitie
565 1006 703 1055 tribuendus
722 1013 764 1062 est,
777 1013 804 1054 ut
815 1006 835 1053 is
846 1006 872 1054 in
885 1007 956 1069 culpa

71 1074 102 1123 sit
114 1075 155 1138 qui
164 1075 240 1133 faciat,
249 1092 298 1122 non
311 1075 352 1137 qui
364 1075 473 1137 patiatur,
481 1073 601 1139 injuriam.
637 1073 743 1121 Omnino
750 1072 858 1120 omnium
870 1072 956 1121 horum

71 1142 183 1190 vitiorum
196 1151 266 1205 atquc
278 1142 482 1190 incommodorum
495 1157 545 1189 una
556 1140 634 1188 cautio
647 1147 772 1202 astatque
785 1155 834 1187 una
844 1139 955 1203 provisio,

72 1216 141 1269 utne
155 1209 227 1256 nimis
238 1209 285 1256 cito
296 1208 393 1270 diligere
405 1207 556 1271 incipiamus,
568 1223 628 1255 neve
642 1223 693 1254 non
704 1207 797 1268 dignos.

106 1275 182 1336 Digni
193 1283 274 1323 autem
286 1283 344 1324 sunt
355 1274 465 1332 amicitia,
478 1275 565 1337 quibus
576 1274 602 1322 in
614 1273 671 1336 ipsis
684 1273 748 1321 inest
759 1290 838 1331 causa,
850 1289 893 1321 cur
903 1272 955 1322 dili·

72 1351 166 1404 gantur.
207 1343 299 1390 Rarum
319 1357 395 1403 genus
414 1341 449 1404 (et
468 1341 565 1404 quidem
585 1340 666 1388 omnia
685 1342 795 1404 preclara
813 1343 890 1405 rara;)
910 1356 956 1389 nac

72 1408 202 1472 quidquam
216 1409 343 1465 difficilius,
356 1424 427 1471 quam
440 1409 547 1471 reperire,
559 1409 622 1470 quod
634 1408 666 1455 sit
677 1407 743 1455 omni
754 1423 784 1456 ex
796 1407 898 1469 partein
911 1423 955 1455 suo

72 1475 301 1538 generepersectum.
335 1476 381 1523 Sed
394 1476 499 1538 plerique
506 1491 584 1537 neque
591 1475 618 1522 in
629 1476 698 1522 rebus
706 1474 818 1522 humanis
825 1474 955 1537 quidquam

72 1545 161 1590 bonum
171 1551 266 1599 norunt,
279 1543 325 1591 nisi
337 1543 399 1605 quod
414 1543 563 1591 fructuosum
575 1542 621 1599 sit3
639 1549 663 1589 et
674 1540 769 1597 amicos,
782 1550 902 1603 tamquam
915 1557 955 1604 pe·

72 1611 151 1667 cudes,
163 1626 205 1657 eos
222 1610 373 1672 potissimum
393 1609 503 1669 diligunt,
516 1626 545 1657 ex
558 1609 644 1670 quibus
663 1616 759 1671 sperant
776 1625 801 1656 se
819 1607 954 1656 maximum

71 1676 176 1725 fructum
193 1693 244 1724 esse
262 1685 379 1740 capturos.
417 1676 455 1724 Ita
472 1676 629 1738 pulcherrima
641 1675 680 1723 illa
692 1684 716 1722 et
731 1675 836 1723 maxime
854 1674 955 1723 naturali

71 1752 153 1792 carent
173 1743 283 1802 amicitia,
296 1760 338 1806 per
349 1760 374 1790 se
386 1751 410 1791 et
426 1751 520 1805 propter
531 1759 557 1791 ae
569 1741 715 1804 expetenda:
733 1758 778 1790 nec
795 1741 841 1804 ipsi
859 1742 903 1789 sibi
915 1757 956 1790 ex·

71 1812 150 1872 emplo
168 1819 231 1867 sunt,
244 1811 327 1859 haec'
306 1827 342 1858 vrs
359 1809 468 1858 amicitie
480 1810 556 1872 qualis
568 1817 592 1857 et
603 1817 694 1872 quanta
710 1809 748 1858 sit.
783 1809 836 1886 Ipse
848 1809 913 1857 enim
929 1825 955 1857 se

71 1877 172 1940 quisque
184 1878 267 1938 diligit,
279 1893 328 1925 non
341 1887 367 1925 ut
379 1877 482 1939 aliquam
495 1893 509 1924 a
521 1893 546 1924 se
558 1875 608 1939 ipse
619 1876 750 1924 mercedem
762 1875 842 1953 exigat
853 1875 956 1924 caritatis

71 1960 127 2002 suae,
140 1946 180 1992 sed
194 1945 256 2007 quod
275 1960 316 2007 per
327 1961 353 1992 se
365 1943 410 1991 sibi
422 1943 522 2006 quisque
541 1959 610 1991 carus
630 1951 679 1991 est:
701 1943 762 2005 quod
781 1943 828 1990 nisi
845 1943 935 1991 idcm'
929 1959 955 1991 ru

71 2011 201 2059 amicitiam
224 2011 383 2068 transferatur,
398 2026 468 2058 verus
491 2010 583 2058 amicus
603 2026 728 2073 nunquam
751 2009 892 2072 reperiatur:
919 2018 956 2059 est

71 2078 136 2125 enim
147 2078 168 2126 is
180 2078 277 2139 quidem
291 2087 413 2140 tamquam
425 2078 484 2125 alter
495 2078 565 2126 idem.

105 2146 176 2204 Quod
188 2146 208 2192 si
219 2145 265 2193 hoc
283 2153 380 2208 apparet
390 2145 415 2192 in
433 2144 520 2202 bestiis,
533 2143 673 2202 volucribus,
685 2143 806 2201 nantibus,
818 2144 955 2203 agrestibus,

71 2211 195 2269 cicuribus,
207 2212 268 2270 foris,
280 2212 385 2276 primum
398 2221 424 2259 ut
435 2228 460 2258 se
478 2211 534 2274 ipsa
552 2211 653 2272 diligant
667 2211 703 2274 (id
715 2210 780 2258 enim
796 2212 883 2274 pariter
899 2227 955 2260 curn

71 2279 136 2335 omni
149 2280 269 2327 animante
287 2279 411 2344 nascitur,)
425 2278 517 2335 deindo,
531 2286 557 2326 ut
573 2277 694 2340 requirant
710 2286 781 2340 atque
794 2286 912 2341 appetant,
925 2279 955 2328 ad

70 2361 130 2408 quas
141 2363 166 2394 se
179 2347 304 2409 applicent,
316 2345 423 2410 ejusdem
438 2345 531 2406 generis
548 2345 697 2403 animantes;
714 2345 785 2407 idque
798 2346 888 2394 faciunt
899 2362 955 2395 curn

70 2412 192 2471 desiderio,
205 2422 295 2462 etcum
307 2412 410 2474 quadam
427 2411 581 2460 similitudine
593 2411 679 2459 amoris
696 2411 812 2470 humani;
829 2421 919 2474 quanto
930 2413 954 2461 id

70 2480 146 2539 magis
158 2480 183 2526 in
195 2480 291 2527 homine
303 2481 330 2527 fit
341 2487 434 2537 natura,
446 2477 488 2542 qui
499 2487 559 2527 etse
570 2477 621 2541 ipse
632 2479 716 2539 diligit,
725 2486 749 2526 et
760 2481 860 2527 altorum
872 2480 955 2542 anqui-

70 2545 107 2658 qit,
119 2547 188 2608 cujus
200 2547 308 2594 animum
320 2547 353 2595 ita
370 2563 425 2594 curn
437 2561 481 2595 suo
499 2545 603 2604 misceat,
616 2554 643 2594 ut
653 2544 740 2593 efficiat
757 2561 823 2608 paenc
836 2561 912 2592 unum
924 2561 954 2594 er

88 2613 162 2659 uobus
170 2613 179 2658 l

103 2741 184 2790 XXII.
203 2743 250 2790 Sed
268 2743 372 2807 plerique
390 2760 506 2821 perverse
511 2743 554 2804 (ne
571 2742 655 2800 dicam,
672 2742 836 2808 impudentur)
851 2743 954 2794 amicum

70 2808 155 2856 habere
173 2811 243 2857 talem
261 2811 352 2865 volunt,
365 2810 468 2873 quales'
462 2810 508 2873 ipsi
525 2825 577 2857 esse
594 2825 643 2857 non
661 2819 773 2871 possunt:
792 2827 892 2873 quaque
908 2811 954 2874 ipsi

70 2891 120 2923 non
132 2877 240 2925 tribuun
231 2877 337 2932 tamicis‚
347 2877 397 2925 hac
405 2877 472 2925 abus
480 2876 620 2924 desiderant.
654 2876 701 2924 Par
712 2885 834 2926 astantem
837 2878 953 2940 ,primum

70 2941 149 3004 ipsum
161 2960 212 2990 csse
225 2943 301 2991 virum
320 2945 416 3001 bonum,
428 2951 480 2991 tum
498 2945 596 2990 alterum
614 2930 715 2992 siinilem
732 2944 770 2992 sui
782 2961 891 3021 quarere.
924 2946 953 2993 ln

69 3009 156 3057 talibus
164 3027 199 3067 ea,
210 3027 281 3072 quarn
290 3011 432 3074 jamdudum
440 3018 574 3065 tractamus,
582 3009 694 3057 stabilitas
704 3011 812 3059 amicitiae
820 3013 953 3061 confirmari

69 3084 161 3136 potest:
174 3094 229 3124 cum
240 3077 350 3124 homines
358 3077 521 3125 benevolentia
531 3076 660 3140 conjuncti,
670 3077 774 3140 primum
786 3078 953 3140 cupiditatibus

69 3142 105 3200 iis,
118 3144 203 3205 quibus
218 3143 294 3192 caeteri
306 3144 418 3201 serviunt,
430 3144 587 3206 imperabunt,
599 3141 683 3192 deinde
694 3145 803 3206 aequitate
813 3146 952 3209 justitiaque

68 3211 220 3269 gaudebunt;
238 3210 365 3272 omniaque
376 3213 434 3259 alter
451 3227 493 3274 pro
505 3212 577 3259 altero
589 3211 715 3272 suscipiet3
733 3227 810 3273 neque
823 3212 952 3274 quidquam

69 3292 183 3338 unquam,
193 3277 239 3325 nisi
251 3276 377 3327 honestum
390 3287 414 3326 et
424 3286 522 3336 rectum,
531 3278 589 3325 alter
596 3278 625 3324 ab
635 3278 707 3328 altero
719 3279 846 3340 postulabit
856 3295 861 3323 ι
874 3295 951 3341 nequo

67 3344 145 3391 solum
163 3361 188 3392 se
200 3346 278 3392 colent
295 3344 356 3393 inter
375 3362 407 3403 se,
419 3361 447 3393 ac
458 3344 563 3406 diligent,
576 3344 617 3391 sed
634 3345 706 3394 etiam
717 3347 875 3393 verebuntur:
887 3362 949 3395 nam

68 3409 199 3460 ruurimum
208 3420 374 3462 ornamentum
386 3413 494 3462 amicitia
504 3410 570 3470 tollit,
580 3409 659 3474 quiex
671 3431 700 3463 ea
709 3411 769 3461 tollit
776 3413 942 3462 verecundiam

483 3485 539 3538 24*
