2054 3946
98 217 134 270 52
413 208 461 253 ni:
484 207 658 254 carioris,

97 317 254 374 lacerarunt
268 316 346 374 omni
360 316 467 373 scelere
481 316 611 392 patriam,
621 325 650 372 et
657 315 688 372 in
695 334 729 372 ea
742 315 871 373 funditus
879 314 973 375 delen·

97 395 133 452 da
147 397 276 471 occupati
291 407 320 453 et
333 407 399 452 sunt
412 406 440 452 et
452 395 593 452 suerunt*

138 475 196 531 Sed
211 478 235 533 si
251 477 394 532 contentio
416 474 544 546 quaedam
559 485 587 532 et
601 474 855 550 comparatiofiat,
872 470 973 547 quibus

97 555 252 631 plurimum
267 554 446 612 tribuendum
456 555 493 611 sit
504 555 601 622 officii,
616 555 759 629 principes
773 554 831 611 sint
845 555 974 629 patriast

97 647 239 710 parentes,
255 654 374 707 quorum
389 635 537 691 beneficiis
557 634 705 695 maximis†
718 634 835 708 obligati
856 652 972 691 sumus:

99 715 233 790 proximi,
259 715 363 780 liberi,¹
377 726 490 784 totaque
512 712 624 779 domus,
647 732 710 783 quae
735 722 846 787 spectat
868 713 900 769 in
924 730 974 769 nos

99 795 187 859 solos,
202 814 294 867 neque
309 794 384 851 aliud
398 793 488 850 ullum
502 802 596 868 potest
609 792 712 848 habere
726 791 909 867 perfugium:
930 790 975 847 de·

99 874 197 947 inceps
213 876 284 930 bene
306 874 507 931 convenientes
530 872 693 947 propiiiquI‚
709 872 881 944 quibuscum
901 888 974 928 coin·

99 954 194 1007 munis
220 955 304 1009 etiam
328 952 439 1009 fortuna
461 952 628 1026 plerumque
649 961 701 1007 est.
743 950 974 1016 Quamobrem

99 1032 260 1086 neccssaria
282 1031 413 1103 proesidia
433 1032 497 1087 vitai
526 1030 663 1087 debentur
685 1030 720 1086 iis
743 1030 879 1096 maxime,
904 1046 975 1102 quos

100 1118 164 1165 ante
185 1109 263 1165 dlxi:
286 1110 343 1165 vita
365 1122 457 1165 autem
483 1109 631 1181 victusque
654 1109 825 1175 communis,
845 1108 974 1175 consilia,

100 1206 257 1255 sermones,
274 1188 492 1252 cohortationes,
503 1189 723 1255 consolationes,
736 1188 879 1245 interdum
893 1188 976 1245 etiam

101 1268 310 1343 objurgationes
332 1267 362 1323 in
383 1267 514 1323 amicitiis
536 1268 634 1343 vigent
655 1268 798 1323 maxime:
821 1276 925 1338 estque
944 1284 976 1323 ea

97 1348 306 1425 jucundissima
320 1347 453 1413 amicitia,
469 1365 553 1418 quam
576 1346 732 1403 similitudo
746 1365 860 1404 morum
880 1346 977 1423 conju·

100 1427 204 1504 gavit.‡

101 1556 190 1614 CAP.
205 1554 317 1613 XVIII.
344 1553 486 1624 Quadam
501 1554 593 1632 ffct'a
607 1552 676 1612 aliia
690 1554 791 1631 megla
806 1573 898 1631 quam
910 1552 977 1615 aliti

139 1636 289 1693 debentur.
331 1633 517 1692 Exercitatio
538 1633 679 1711 capiendo
693 1641 746 1702 est,
761 1642 793 1690 ut
805 1634 876 1692 boni
889 1634 977 1693 ratio·

140 1715 283 1772 ciriatoree
298 1714 457 1791 ‹rffimorum
473 1732 533 1770 esse
547 1714 712 1790 possintne.

141 1825 202 1881 Sari
217 1826 246 1881 in
260 1825 305 1881 his
321 1826 452 1882 omnibus
467 1825 570 1882 officiis
581 1824 735 1882 tribuendis
745 1825 901 1883 videndum
916 1826 975 1891 erit,

101 1904 170 1976 quid
190 1905 292 1974 cuique
313 1906 437 1961 maxime
458 1924 576 1961 necesse
598 1906 644 1971 sit,
659 1915 687 1961 et
708 1905 777 1976 quid
798 1906 921 1976 quisque
934 1904 977 1961 vel

101 1985 164 2040 sine
187 1984 268 2039 nobis
294 1993 341 2039 ant
362 1984 454 2058 possit
474 1984 621 2056 consequi,
643 1994 766 2041 autnon
789 1986 893 2060 possit.
935 1982 977 2041 Ita

101 2082 159 2119 non
182 2062 269 2118 iidem
295 2075 378 2119 erunt
399 2063 640 2119 necessitudinum
666 2062 778 2138 gradus,
800 2064 849 2135 qui
870 2072 976 2138 tempo·

101 2160 164 2198 rum
177 2143 201 2214 ;§
223 2151 344 2213 suntque
359 2141 462 2209 officia,
479 2161 540 2214 quae
556 2143 618 2198 aliis
634 2144 735 2218 magis,
752 2162 837 2216 quam
853 2142 917 2199 aliis
931 2140 976 2199 de-

99 2348 127 2394 M
139 2302 152 2331 *
166 2298 228 2343 Sunt
240 2300 261 2344 et
268 2298 385 2356 fuerunt.
419 2299 533 2354 Allnding
550 2299 669 2355 evidently
681 2304 705 2344 to
717 2301 743 2345 C.
754 2302 777 2346 J.
788 2302 871 2355 Cresar,
889 2299 938 2344 and
954 2303 977 2345 to

129 2353 285 2500 'p‘lilliil'tliije
320 2405 385 2463 ThIs¹
395 2405 492 2468 ieadIng
509 2418 586 2468 seems
600 2404 675 2461 justly
692 2406 809 2469 preferred
825 2405 858 2460 by
876 2406 977 2459 Ernesti,

99 2466 129 2498 an
158 2463 219 2501 most
231 2459 323 2511 editors,
334 2463 358 2502 to
370 2470 485 2508 maxime,
496 2459 573 2502 which
581 2460 602 2503 J.
611 2461 636 2504 F.
648 2461 782 2513 Heusinger
793 2459 884 2513 adopts.
911 2460 978 2515 Mag·

99 2521 132 2572 rip
145 2510 259 2556 beneficIo
271 2511 329 2567 ejus,
342 2524 476 2567 magnoque
488 2512 570 2555 merito
579 2525 633 2556 sum
644 2512 767 2567 obligatus.
786 2512 862 2567 EpIst.
873 2512 900 2556 ln
911 2513 978 2559 Fam.

98 2565 426 2713 'milhnqmsscmjopavtt
461 2617 519 2680 'I'hh
535 2621 646 2680 sentence
665 2618 686 2661 is
703 2618 860 2674 superfluous,
880 2630 907 2661 as
923 2618 979 2663 itis

99 2668 141 2714 but
152 2683 165 2714 a
176 2675 298 2733 repetition
309 2672 337 2714 of
345 2677 354 2715 t
370 2670 532 2766 eprecedmp3
550 2674 563 2695 “
573 2671 637 2716 Nihil
644 2672 900 2734 euterun-bonorum?
923 2672 979 2717 And

98 2723 137 2766 the
149 2731 257 2778 question
268 2737 289 2767 is
299 2730 341 2767 not
353 2724 407 2767 here
419 2737 445 2766 irs
457 2728 480 2785 to
491 2727 501 2767 t
518 2737 531 2767 e
542 2724 625 2786 degree
642 2737 667 2767 in
684 2725 763 2787 which
779 2723 924 2795 friendships
940 2737 978 2787 irre

99 2777 226 2829 agreeable,
240 2777 280 2820 but
292 2791 318 2821 as
329 2782 352 2820 to
364 2777 404 2820 the
415 2776 492 2820 duties
504 2776 580 2821 which
596 2778 726 2832 fnendship
739 2790 849 2832 imposes
883 2779 979 2823 baccio-

98 2829 198 2927 {pgplpnd
211 2831 276 2874 other
287 2830 469 2874 editorsreckon
487 2830 541 2885 this,
553 2829 673 2885 therefore,
691 2843 778 2886 among
795 2830 836 2875 the
852 2829 978 2887 interpela-

411 2986 563 3031 uiixruan
582 2971 670 3030 xxiii.

120 3051 145 3115 ,ξ
160 3053 306 3109 Temperiem.
339 3055 421 3099 Under
437 3056 542 3110 peculisi
558 3055 744 3109 circumstances,
756 3055 794 3100 the
812 3055 889 3100 duties
901 3054 978 3103 which

92 3105 186 3167 friends
193 3108 241 3151 and
253 3107 365 3152 relations
373 3121 425 3152 owe
437 3113 461 3152 to
473 3109 530 3152 each
541 3109 608 3152 other
620 3121 675 3163 may
688 3109 740 3161 give
750 3121 803 3163 way
816 3113 839 3153 to
851 3110 918 3154 other
929 3110 972 3155 ties

83 3157 135 3218 For
144 3165 272 3205 instance:
291 3163 331 3206 the
343 3163 484 3218 preference
494 3162 576 3208 which
583 3174 600 3206 a
609 3173 668 3206 near
678 3161 809 3215 neighbopr
818 3163 947 3208 isentltled
954 3168 979 3208 to

75 3208 150 3256 claim
162 3213 254 3271 diiii'ng
263 3215 371 3263 harvest.
