2054 3946
62 199 120 255 ‘278
368 189 416 236 ns
439 187 639 236 errrorem.

63 305 129 351 nbus
140 316 212 363 reque
224 300 318 363 publica
331 306 460 348 versantur.
496 298 542 348 Ubi
554 299 619 347 enim
636 297 710 345 istum
727 295 848 356 invenias,
860 297 906 362 qui
916 297 959 348 ho·

63 384 148 419 norem
168 367 239 415 amici
259 375 388 430 anteponat
408 367 471 414 suoi
516 366 602 425 Quidi
628 365 680 413 hac
698 371 725 412 ut
742 365 864 423 omittam,
884 381 958 429 qnam

65 452 155 499 graves
168 450 241 497 quam
257 433 372 492 difficiles,
383 433 501 497 plerisque
513 433 622 480 videntur
633 432 797 480 calamitatum
815 432 959 482 societates!

65 503 95 552 ad
107 518 173 564 quaa,
186 517 235 549 non
252 510 288 549 est
299 501 366 550 facile
384 501 492 558 inventu,
504 500 545 563 qui
563 499 697 548 descendat.
731 498 892 558 Quamuuam
909 498 960 549 En·

65 570 212 619 nlusrecte:

244 661 363 707 “Amicus
374 666 451 708 certus
462 663 486 706 in
498 676 523 708 re
533 663 622 707 Incerta
632 660 768 707 comitur:”

67 780 148 822 tamm
160 772 210 820 bec
221 772 270 819 duo
281 770 383 819 levitatis
395 779 419 820 et
435 771 579 820 infirmitatis
596 773 720 835 plerosque
732 771 885 823 convincunt
919 780 962 822 ant

68 840 126 889 sliri
139 839 206 887 bonis
218 840 287 886 rebus
298 847 464 896 contemnunt,
476 839 554 887 autin
567 840 635 888 malis
646 840 766 888 deserunt.

102 969 195 1017 XVIII.
214 968 263 1027 Qui
281 967 354 1028 igitur
364 976 464 1031 utraque
479 969 506 1016 in
522 984 547 1016 re
564 985 668 1030 gravem,
679 976 838 1028 constantem,
850 969 963 1019 stabilem

69 1053 95 1084 se
108 1036 133 1084 in
146 1035 249 1083 amicitia
266 1035 405 1097 praetiterit,
415 1037 480 1084 hunc
491 1050 522 1083 ex
534 1036 639 1085 maxime
657 1049 709 1085 raro
727 1037 857 1085 hominum
875 1050 963 1098 genere

74 1103 181 1167 judicare
193 1102 314 1159 debemus,
326 1108 350 1149 et
361 1117 428 1165 pene
439 1102 528 1150 divino.

104 1169 294 1217 Firmamentum
313 1176 393 1216 autem
412 1169 545 1217 stabilitatis
566 1168 751 1232 constantiaeque
770 1169 830 1233 ejus,
841 1183 919 1231 quam
935 1168 963 1218 in

71 1236 176 1284 amicitia
187 1235 321 1297 querimus,
331 1235 389 1283 tides
400 1243 443 1285 est.
477 1235 547 1284 Nihil
558 1236 624 1284 enim
636 1236 717 1285 stabile
730 1235 845 1299 estquod
858 1235 963 1285 infidum

71 1311 115 1351 est
149 1301 288 1364 Simplicem
308 1310 425 1364 preterea,
445 1309 469 1350 et
485 1318 646 1360 communem,
663 1311 687 1352 et
704 1304 904 1361 consentientem,
920 1302 962 1366 qui

71 1371 143 1418 rebus
163 1369 246 1418 iisdem
264 1378 393 1428 moveatur,
414 1369 469 1430 eligi
486 1385 530 1432 par
548 1378 600 1419 est:
620 1370 770 1433 quaomnia
790 1368 913 1434 pertinent
933 1370 963 1419 ad

72 1436 225 1485 fidelitatem:
243 1451 322 1497 neque
333 1436 398 1484 enim
410 1437 484 1484 fidum
496 1444 637 1500 potestesse
648 1436 773 1499 multiplex
792 1435 928 1498 ingenium,
939 1446 963 1486 et

73 1511 223 1552 tortuosum:
240 1519 319 1564 neque
331 1518 392 1561 vero,
405 1503 446 1566 qui
464 1520 514 1552 non
531 1503 616 1552 iisdem
630 1506 701 1554 rebus
712 1513 827 1564 movetur,
840 1511 865 1552 et
877 1514 963 1554 natura

73 1569 199 1627 consentit,
211 1577 253 1618 aut
263 1570 326 1618 fidus
337 1578 379 1619 aut
390 1571 479 1620 stabilis
488 1578 566 1634 potest
577 1587 635 1620 esse.

109 1637 252 1685 Addendum
263 1637 346 1685 codem
357 1647 400 1696 est,
409 1647 436 1686 ut
447 1654 477 1686 ne
486 1637 624 1687 criminibus
634 1646 676 1686 aut
687 1635 815 1686 inferendis
823 1637 964 1697 delectetur,

75 1712 117 1752 sut
128 1706 208 1752 credat
218 1703 318 1752 oblatIs:
336 1721 388 1768 que
400 1705 481 1752 omma
492 1705 612 1768 pertinent
623 1703 652 1752 ad
663 1718 724 1762 eam,
736 1720 809 1767 quam
818 1705 964 1768 jamdudum

75 1780 157 1829 tracto,
169 1771 335 1820 constantiam.
370 1772 406 1820 Ita
417 1773 444 1820 fit
455 1786 538 1820 verum
555 1771 621 1829 illud,
639 1773 702 1834 quod
722 1771 792 1820 initio
810 1770 869 1830 dixi,
882 1771 965 1820 amici·

75 1838 141 1895 tlam,
153 1837 273 1887 nisiinter
285 1840 366 1893 bonos,
378 1855 430 1887 esse
442 1855 491 1886 non
504 1855 579 1901 posse.
613 1836 659 1887 Est
670 1839 736 1887 enlm
751 1839 807 1886 boni
819 1838 864 1886 viri
878 1838 964 1902 (quem

75 1906 187 1953 eumdem
205 1906 336 1968 sapientem
354 1905 409 1954 ilcet
420 1906 509 1972 dicere)
524 1905 574 1954 hac
585 1905 633 1954 duo
646 1915 724 1954 tenere
740 1905 766 1954 in
778 1906 899 1954 amicitia:
917 1906 965 1969 pri·

75 1987 150 2029 mum,
162 1972 249 2034 nequid
262 1973 344 2020 lictum
362 1973 399 2031 sit,
413 1990 472 2021 neve
489 1973 627 2021 simulatum
642 1971 733 2036 (aperte
750 1972 815 2020 enim
827 1975 865 2021 vel
877 1973 964 2032 odIsse,

76 2039 152 2097 magis
170 2038 269 2098 ingenui
288 2047 330 2095 est,
348 2055 420 2101 quam
438 2040 515 2088 fronte
534 2041 651 2089 occultare
670 2039 841 2105 sententiam)
867 2039 963 2099 deinde,

76 2119 125 2152 non
138 2106 214 2152 solum
227 2105 347 2166 abaliquo
365 2108 447 2155 allatas
458 2106 634 2155 crimiuationes
651 2108 769 2170 repellere,
781 2107 821 2154 sed
835 2122 866 2155 ne
882 2105 963 2170 ipsum

75 2171 171 2234 quidem
190 2187 241 2218 csse
257 2172 423 2234 suspiciosum,
435 2190 528 2237 semper
544 2173 633 2237 aliquid
650 2172 825 2222 existImantem
843 2175 873 2222 ab
885 2172 963 2222 amico

76 2254 128 2286 esse
140 2237 262 2285 violatum.

111 2305 217 2353 Accedat
228 2304 276 2352 huc
288 2305 392 2353 suavitas
402 2307 516 2367 quedam,
525 2315 622 2371 oportet,
631 2324 767 2355 sermonum
780 2314 851 2369 atque
859 2322 963 2365 morum,

77 2370 262 2434 haudquaquam
280 2371 396 2420 mediocre
408 2373 587 2422 condimentum
602 2373 719 2423 amicitie.
753 2372 862 2423 Tristitia
873 2383 963 2432 autem,

77 2447 102 2486 et
112 2440 137 2487 in
150 2438 216 2487 omni
228 2456 252 2487 re
264 2439 381 2497 severitas,
393 2439 463 2487 babet
474 2441 515 2488 illa
524 2441 619 2502 quidem
631 2442 785 2501 gravitatem:
803 2442 843 2490 sed
858 2441 963 2490 amicitia

77 2507 194 2553 remissior
206 2523 257 2554 csse
269 2508 345 2562 debet,
354 2515 378 2554 et
390 2507 488 2566 liberior,
501 2516 524 2556 et
534 2508 630 2566 dulcior,
639 2517 663 2556 et
675 2509 704 2556 ad
716 2524 812 2556 omnem
824 2509 963 2557 comitatem

77 2573 260 2636 facilitatemque
274 2574 404 2637 proclivior.

111 2705 180 2755 XIX.
204 2707 305 2757 Exsistit
323 2716 402 2756 nutem
419 2707 465 2755 hoc
485 2709 536 2756 loeo
553 2708 661 2771 quedam
683 2709 781 2771 questio
799 2708 961 2758 subdifficilis.

77 2787 137 2820 num
149 2774 244 2835 quando
256 2775 325 2823 amici
338 2775 400 2833 novi,
408 2775 475 2835 digni
487 2774 598 2832 amicitia,
607 2777 724 2824 veteribus
733 2776 782 2824 sint
793 2777 961 2840 anteponendi,

78 2847 105 2887 ut
125 2841 192 2902 equis
210 2841 294 2889 vetulis
312 2851 404 2890 teneros
422 2849 564 2904 anteponere
582 2842 703 2891 solemusl
740 2842 842 2905 Indigna
863 2841 962 2892 homlne

77 2906 207 2954 dubitabo:
226 2924 274 2956 nou
287 2909 350 2956 enim
360 2907 516 2957 amicitiarum
529 2925 580 2956 esse
589 2908 682 2968 debent,
692 2910 754 2958 elcut
763 2912 863 2959 aliarum
875 2926 962 2968 rerum,

77 2974 203 3021 satietates.
239 2975 262 3022 V
263 2977 371 3023 eterrima
383 2992 482 3038 queque
497 2976 537 3038 (ut
546 2993 574 3024 ea
585 2977 649 3036 vina,
658 2993 710 3040 quie
720 2986 859 3026 vetustatem
867 2977 959 3042 ferunt)

76 3055 128 3088 esse
144 3042 231 3088 debent
251 3042 405 3090 suavissima:
424 3057 552 3106 verumque
565 3042 623 3092 illud
641 3052 684 3102 est,
693 3045 756 3107 quod
765 3043 858 3103 dieitur,
873 3045 962 3094 multus

76 3107 168 3154 modios
180 3108 235 3155 salis
253 3109 323 3157 simu¹
342 3110 446 3157 edendos
457 3126 516 3166 esse,
528 3120 556 3159 ut
567 3110 676 3160 amicitia
688 3126 777 3160 munus
789 3113 912 3175 expletum
924 3111 961 3160 sit.

66 3173 198 3226 Noritates
209 3185 300 3240 autem,
313 3177 333 3229 sl
343 3194 412 3247 spem
423 3175 535 3239 afferunt,
543 3185 582 3238 ut,
590 3186 715 3235 tamquam
724 3176 753 3226 in
762 3179 841 3228 herbis
857 3194 909 3228 non
920 3178 960 3228 Ial-

40 3292 68 3368 I
