2054 3946
102 214 156 270 172
422 202 469 249 oe
494 202 677 251 urricus.

138 312 196 379 Qui
211 322 305 370 auteur
320 314 417 370 omnia
429 314 585 370 metiuntur
597 312 801 371 emolumentis
816 322 847 371 et
859 331 971 371 comme·

98 391 153 458 dis,
170 412 262 465 neque
278 412 311 449 ea
325 394 424 450 volunt
439 392 648 469 praeponderari
662 393 825 459 honestate,
840 392 872 451 hi
891 393 972 451 solent

98 472 128 527 in
151 471 332 529 deliberando
353 472 506 529 honestum
527 492 593 530 curn
614 490 660 539 eo,
681 471 760 544 quod
783 473 855 529 utile
875 482 972 549 putant,

97 570 284 627 comparare:
316 552 383 608 boni
404 553 458 608 viri
480 571 537 609 non
564 553 667 609 solent.
709 552 812 623 ltaque
837 551 974 618 existimo,

99 630 268 697 Panaetium,
283 650 347 688 curn
362 630 476 698 dixerit,
491 632 623 689 homines
639 631 731 688 solere
750 632 780 689 in
799 630 857 689 hac
870 650 975 707 comps

98 710 205 766 ratione
231 710 367 777 dubitare,
390 712 445 768 hoc
474 712 568 787 ipsum
596 712 733 779 sensisse,
762 710 843 785 quod
869 710 975 779 dixerit

98 789 189 845 solere
203 790 300 856 modo,
316 810 373 847 non
394 792 478 847 etiarn
499 802 640 866 oportere.
682 791 802 849 Etenim
825 810 885 849 uon
899 790 976 851 modu

97 868 187 943 pluris
200 880 296 946 putare
307 870 384 941 quod
395 872 461 927 utile
472 870 609 936 videatur,
620 888 705 941 quarn
719 870 797 941 quod
813 870 975 939 honestum

97 947 148 1003 sed
164 949 224 1005 lraec
239 950 322 1006 etiarn
338 951 411 1006 inter
425 968 456 1005 se
471 968 635 1025 comparare
659 950 730 1006 etin
745 950 792 1007 his
808 947 975 1016 addubitare,

97 1028 294 1102 turpissimum
318 1040 370 1085 est.
414 1028 490 1095 Quid
511 1049 579 1105 ergo
596 1038 649 1094 est,
674 1029 752 1100 quod
776 1047 975 1107 nonuunquam

96 1105 300 1165 dubitationem
328 1109 428 1165 afferre
450 1109 549 1175 soleat,
572 1106 871 1181 considerandumque
892 1106 975 1166 videe-

98 1188 161 1242 turl
203 1186 307 1253 Credo,
322 1188 347 1243 si
369 1187 481 1259 quaudo
502 1187 640 1245 dubitatio
656 1186 770 1256 accidit,
787 1189 874 1261 quale
889 1188 927 1245 sit
941 1186 974 1255 id,

96 1265 132 1323 de
147 1286 203 1338 quo
216 1267 419 1323 consideretur.

136 1347 221 1420 Saepe
241 1347 317 1404 enirn
340 1359 467 1421 ternpore
489 1347 530 1413 srt,
552 1356 592 1413 ut,
611 1344 688 1418 quod
709 1356 793 1421 turpe
814 1347 974 1423 plerumque

97 1424 194 1482 haberi
220 1427 319 1492 soleat,
349 1427 508 1483 inveniatur
532 1446 589 1483 nou
617 1444 680 1483 esse
709 1436 803 1501 turpe.
846 1424 974 1502 Exempli

97 1524 183 1561 causa
197 1516 316 1580 ponatur
331 1505 437 1577 aliquid
453 1505 529 1577 quod
544 1516 637 1581 pateat
650 1505 745 1562 latius.
789 1506 878 1572 Quod
892 1516 975 1583 potest

97 1585 190 1660 majus
219 1604 282 1641 esse
311 1585 415 1652 scelus,
439 1603 524 1656 quarn
550 1604 608 1641 nou
637 1583 722 1641 modo
749 1584 912 1653 homiuem,
931 1584 975 1643 sed

98 1665 183 1720 etiarn
198 1664 366 1721 familiarem
386 1665 532 1721 hominem
555 1664 705 1721 occideret
748 1665 831 1723 Num
854 1666 974 1743 igiturse

98 1743 249 1800 adstrinxit
262 1745 380 1810 scelere,
396 1745 421 1799 si
436 1744 484 1815 qui
499 1756 651 1819 tyranuum
666 1742 781 1812 occidit,
798 1746 930 1816 quamvis
942 1744 975 1803 lu·

98 1823 237 1879 miliarem
251 1824 279 1879 t*
322 1823 434 1899 Populo
449 1824 565 1894 quidem
580 1823 711 1880 Romano
726 1843 782 1881 uou
799 1824 921 1892 videtur,
932 1823 975 1897 qui

98 1920 136 1957 ex
151 1903 282 1959 erunibus
297 1903 439 1979 preclaris
455 1903 535 1960 factis
556 1902 625 1959 illud
647 1903 873 1977 pulcherrimum
887 1904 976 1961 existi·

100 1992 166 2036 mat.
208 1982 300 2044 Vicit†
324 2002 392 2058 ergo
417 1984 525 2040 utilitas
554 1982 755 2039 honestatem?
797 1982 894 2041 lmrno
915 2002 976 2041 vero

99 2059 277 2117 honestatem
292 2064 396 2119 utilitas
413 2072 456 2119 est
473 2073 633 2120 consecuta.
675 2062 786 2133 Itaque,
801 2073 833 2119 ut
847 2064 911 2121 sine
923 2062 977 2121 ullu

100 2158 194 2195 errore
217 2141 371 2215 dijudicare
393 2144 547 2217 possimus,
566 2143 591 2199 si
613 2142 725 2213 quando
746 2161 812 2199 curn
835 2142 886 2199 illo
906 2142 978 2214 quod

100 2218 251 2275 lrouestuur
275 2221 470 2296 intelligimus,
485 2240 610 2297 pugnare
632 2221 660 2277 id
676 2220 817 2277 videbitur
841 2222 919 2294 quod
935 2240 977 2297 ap

101 2299 240 2374 pellamus
256 2300 334 2366 utile,
350 2299 470 2357 formula
482 2301 610 2373 quaedam
620 2300 819 2357 constituenda
832 2313 887 2369 est,
897 2318 977 2375 quam

136 2521 256 2575 *Occulta
273 2521 382 2575 quumoir
392 2521 568 2577 jbmfttrrem?
603 2524 658 2575 Yes‚
676 2522 805 2577 certainly:
828 2525 873 2567 not
894 2520 980 2579 merely

101 2575 202 2619 because
221 2575 259 2618 the
278 2575 336 2617 deod
354 2580 417 2618 must
435 2575 462 2618 be
480 2577 647 2630 accompanied
661 2576 717 2618 with
736 2577 868 2631 treachery,
879 2576 929 2620 and
944 2574 979 2621 be·

101 2642 179 2680 cause,
192 2629 216 2671 in
229 2641 243 2671 a
254 2632 312 2672 stato
324 2629 351 2671 of
359 2629 446 2681 society
459 2630 505 2671 and
517 2630 544 2672 os
568 2629 678 2679 esnethe
690 2630 748 2672 laws
759 2630 830 2673 alone
842 2629 928 2673 should
938 2628 981 2673 dis·

101 2682 198 2737 puseus
212 2682 251 2726 tho
268 2682 326 2724 lives
337 2683 365 2724 ni'
382 2643 597 2733 individuals;ll11t
614 2683 712 2727 because
734 2682 773 2727 the
792 2682 867 2728 abusu
884 2682 933 2727 and
944 2683 980 2727 the

101 2735 267 2778 extensiones
283 2735 348 2778 these
367 2736 513 2787 tyrannicida
533 2737 635 2779 maxims
648 2736 705 2779 bave
725 2736 757 2790 by
769 2749 800 2781 ex
828 2736 980 2781 rieneobesu

101 2789 175 2832 found
187 2793 211 2831 to
219 2802 283 2832 serve
293 2800 326 2831 uo
338 2787 410 2830 better
422 2801 525 2842 purpose
537 2789 593 2832 than
607 2795 630 2832 to
643 2789 734 2834 furuislr
747 2789 787 2833 the
808 2790 894 2834 eadere
905 2790 979 2835 oruc·

101 2842 162 2885 tious
174 2842 231 2884 with
243 2855 256 2885 a
269 2844 359 2895 pretert
371 2842 406 2884 sor
417 2842 545 2885 successive
559 2844 753 2891 assassinatiuns;
771 2843 889 2895 allordine
901 2844 979 2899 liberty

101 2907 134 2939 no
154 2894 262 2939 ellectual
281 2894 419 2948 protection.
462 2896 512 2938 The
529 2908 707 2950 consequences
724 2896 751 2938 of
772 2896 903 2947 admitting
923 2897 980 2941 rules

101 2948 177 2991 which
187 2947 284 2991 commit
295 2948 334 2990 tlre
346 2947 385 2989 life
395 2947 442 2990 and
456 2949 532 3011 salety
542 2950 570 2991 os
578 2949 636 2992 cuch
651 2949 781 2991 individunl
791 2954 815 2992 to
825 2950 865 2994 tho
874 2952 906 2992 “s
924 2949 979 3000 leen,

101 3001 162 3055 fury,
175 3001 221 3044 aud
235 3000 394 3053 fanaticisru‚’'
404 3002 432 3043 of
439 3001 475 3044 bis
486 3002 621 3053 rrerchbour.
632 3014 670 3045 ure
678 3001 731 3056 ably
741 3004 849 3057 exposed
861 3002 912 3056 byl
941 3012 980 3057 eyt

101 3055 134 3097 M.
147 3056 192 3097 and
207 3057 229 3098 Ρ,
242 3054 300 3097 Phil.
313 3054 336 3096 ii.
348 3055 369 3104 7,
382 3055 439 3097 “On
453 3054 491 3097 the
504 3056 626 3108 Necessity
639 3055 666 3097 ol
673 3056 773 3098 Generul
786 3057 889 3100 Rules.”
922 3058 979 3101 Cice·

101 3108 147 3147 ro’s
166 3107 278 3161 intimacy
294 3106 350 3149 with
369 3106 407 3149 the
427 3107 540 3150 assassins
559 3109 587 3151 of
610 3109 686 3151 Cesar
709 3106 825 3164 probably
844 3110 978 3156 assistedtu

98 3157 198 3202 nrislead
211 3159 259 3204 lrim
273 3172 304 3203 on
318 3158 475 3215 thirsulum.

128 3211 144 3270 †
158 3213 222 3260 Vict'l.
259 3214 328 3261 With
338 3214 453 3269 allusion,
460 3212 620 3270 probably,tu
627 3213 671 3256 tue
680 3212 753 3255 beatu
761 3214 885 3259 uitem.
