2054 3946
357 489 427 537 ΗΒ.
444 489 499 535 111.
533 490 615 535 CAP.
631 490 681 535 Vl.
903 497 958 552 175

73 598 219 676 gentibus,
242 600 267 655 si
296 599 357 656 lieri
383 601 485 676 possit,
508 600 722 667 conservandis,
746 610 793 657 aut
822 600 957 676 juvandis

73 679 219 736 maximos
250 679 361 735 labores
389 680 591 751 molestiasque
618 682 774 756 suscipere,
801 680 958 737 imitantem

76 756 233 817 Herculem
260 758 350 824 illum,
366 777 451 830 quem
477 758 625 816 homiuum
649 760 732 825 sarna,
756 760 958 817 beneficiorum

75 842 214 904 uernam*
230 838 260 894 in
275 839 397 894 concilio
417 838 574 895 caelestium
591 839 750 905 collocavit,
765 858 849 911 quam
862 841 958 896 vivere

76 917 106 974 iu
120 917 285 983 solitudine,
301 936 358 974 non
378 917 465 974 modo
479 918 540 975 sine
555 919 621 974 ullis
642 919 792 980 molestiis,
808 917 971 973 sedetiam

75 997 211 1053 maximis
233 997 433 1072 voluptatibus,
448 997 636 1049 abundantem
658 995 789 1050 omuibus
811 996 914 1069 copiis,
929 1007 960 1052 ut

74 1076 202 1133 excellas
222 1075 307 1128 etiam
329 1070 538 1148 pulchritudine
553 1083 581 1128 et
595 1073 711 1129 viribus.
754 1075 896 1138 Quocirca
910 1094 959 1149 op·

76 1151 146 1208 timo
168 1151 290 1223 quisque
313 1162 342 1209 et
368 1150 602 1226 splendidissimo
629 1152 745 1227 iugenio
770 1154 854 1227 longe
880 1154 957 1210 illam

74 1230 163 1303 vitam
195 1230 262 1287 huic
291 1231 445 1306 auteponit.
496 1231 544 1288 Ex
577 1250 634 1302 quo
661 1231 792 1297 efficitur,
811 1233 957 1289 hominem

73 1319 182 1367 nahrrae
197 1309 386 1377 obedientem,
403 1309 512 1366 homiui
529 1328 630 1367 nocere
645 1329 702 1368 nou
718 1330 812 1385 posse.

114 1388 228 1445 lteinde
244 1389 293 1461 qui
308 1391 426 1447 alterum
447 1390 543 1453 violat,
559 1401 590 1445 ut
609 1390 672 1464 ipse
694 1390 801 1462 aliquid
814 1390 958 1447 commodi

71 1478 281 1540 consequatur3
303 1479 350 1526 aut
370 1469 442 1525 nihil
456 1488 487 1525 se
503 1470 647 1526 existimat
667 1480 764 1525 contra
778 1481 906 1527 araturam
920 1470 958 1526 sa-

71 1564 159 1614 cere3
181 1556 230 1603 aut
249 1549 340 1624 magis
362 1548 524 1624 fugiendam
546 1559 644 1605 censet
664 1559 795 1614 mortem,
811 1560 957 1624 pauperta-

72 1636 143 1692 tem,
159 1626 296 1694 dolorem,
311 1628 493 1685 amissionem
510 1629 594 1684 etiam
610 1629 773 1694 liberorum,
784 1631 958 1703 propinquo·

71 1724 148 1771 rum,
172 1707 338 1775 amicorum,
362 1727 447 1780 quam
470 1706 562 1764 iacere
589 1708 713 1782 cuipiam
738 1708 880 1782 iujuriam.
925 1708 957 1764 Si

73 1786 147 1842 nihil
161 1786 306 1842 existimat
323 1800 420 1844 contra
440 1797 566 1843 naturam
589 1787 649 1843 lieri
672 1787 836 1842 homiuibus
852 1787 957 1843 violan-

71 1864 129 1932 dis,
152 1864 221 1937 quid
241 1885 306 1922 eum
328 1886 363 1924 eo
385 1866 519 1932 disseras,
543 1867 592 1938 qui
614 1866 731 1922 omniuo
754 1866 956 1922 hominemex

72 1945 191 2001 homine
214 1945 310 2002 tollat!
352 1946 404 2002 Sin
422 1944 588 2023 fugiendum
604 1945 631 2000 id
647 1945 760 2016 quidem
783 1956 890 2011 censet,
906 1945 956 2001 sed

73 2023 163 2080 multo
178 2024 226 2080 illa
240 2025 338 2099 pejora
353 2035 483 2094 mortem,
500 2037 703 2101 paupertatem,
716 2022 861 2089 dolorem
884 2036 957 2080 errat

72 2103 103 2159 in
117 2122 162 2169 eo,
173 2102 249 2174 quod
262 2105 340 2162 illum
353 2116 401 2162 aut
414 2106 552 2181 corporis,
561 2116 609 2161 aut
619 2105 737 2161 sortunae
748 2104 858 2170 vitium,
869 2103 954 2160 animi

72 2182 152 2239 vitiis
167 2184 281 2259 gravius
295 2186 450 2241 existimat.

71 2340 164 2398 CAP.
175 2341 228 2398 VI.
247 2340 385 2399 Eandem
394 2359 454 2398 case
466 2340 700 2418 uniuscujusque
712 2349 740 2399 et
748 2341 956 2399 uniuersorum

111 2419 291 2478 utilitatem:
310 2427 454 2497 precepta
475 2419 515 2478 ad
526 2420 729 2497 judicandum
751 2439 817 2478 com
832 2420 876 2478 ta
890 2421 956 2478 doe

110 2498 257 2557 utilitates
272 2499 410 2558 uidentur
424 2499 589 2557 contrariae.

111 2608 198 2666 Eitea
209 2629 295 2666 unum
306 2609 389 2666 debet
397 2624 463 2666 esse*
471 2609 603 2666 omuibus
615 2610 804 2684 propositum,
814 2618 845 2665 ut
856 2608 955 2665 eedem

71 2689 110 2746 sit
123 2689 230 2745 utilitas
242 2689 326 2745 unius
341 2690 480 2766 cujusque
495 2699 524 2745 et
538 2689 734 2745 universorum
745 2688 767 2750 :i
782 2707 866 2760 quam
882 2689 906 2744 si
920 2687 955 2744 ad

105 2847 397 2892 *Hominum—memor.
433 2847 519 2891 Wtom
536 2846 572 2895 leta
587 2846 720 2901 reptttolr'on
733 2855 820 2898 among
831 2855 893 2897 men,
904 2845 956 2888 aad

71 2899 111 2945 tae
121 2911 229 2955 memory
240 2900 267 2956 φ’
275 2900 371 2956 amota
381 2898 504 2956 conferret.
537 2901 596 2945 Jure
607 2900 678 2951 igitur
690 2898 774 2949 aratris,
785 2897 854 2953 cujus
865 2898 894 2941 de
905 2898 955 2943 lau·

69 2952 142 2998 dibus
150 2953 259 2999 omnium
271 2961 334 2999 esset
344 2953 409 2997 tama
418 2953 579 2997 consentiens.
611 2953 662 2996 Cat.
673 2951 731 3007 Maj.
745 2953 780 2995 17.

408 3053 559 3098 citnPTrca
576 3053 617 3096 vt

104 3123 121 3154 ⁴·
131 3123 435 3168 Eodem-universorum,
470 3124 506 3178 By
517 3123 556 3167 the
568 3123 643 3167 active
655 3123 790 3166 endeavour
807 3121 834 3163 ol
847 3119 904 3164 each
919 3121 955 3164 iu·

70 3155 176 3220 dividual
186 3180 211 3220 to
222 3177 327 3231 improve
339 3176 375 3220 his
386 3178 440 3221 own
452 3177 492 3229 lot,
501 3176 539 3221 the
550 3177 682 3237 prosperlty
689 3175 717 3218 ot
725 3175 764 3219 the
776 3174 924 3235 community
933 3174 955 3217 is

70 3228 123 3273 best
135 3230 269 3273 advanced:
298 3231 361 3275 That
371 3230 412 3275 the
425 3230 484 3284 good
497 3231 525 3273 oi
531 3231 570 3274 the
583 3229 663 3284 public
675 3228 757 3271 should
767 3227 795 3271 be
805 3239 830 3270 ur
841 3227 955 3288 theman

70 3283 99 3326 of
112 3282 171 3326 each
188 3282 317 3328 individaal
335 3297 361 3327 as
378 3284 484 3337 strongly
497 3283 544 3326 and
556 3295 582 3326 as
593 3283 656 3325 oden
669 3294 695 3325 as
707 3281 743 3324 his
755 3293 809 3324 own
828 3281 955 3341 particular

69 3335 165 3384 benedt.
175 3336 194 3379 is
206 3336 298 3381 neither
311 3341 335 3380 to
347 3336 375 3381 be
387 3337 508 3391 expected,
518 3348 562 3380 nor
572 3335 593 3378 is
604 3335 622 3378 it
633 3346 766 3388 necessary.
798 3334 828 3376 ln
836 3344 954 3387 parsurng

67 3389 110 3432 the
121 3389 189 3433 latter
198 3389 281 3444 object,
293 3389 321 3433 he
333 3389 417 3434 should
426 3389 500 3442 guard
512 3388 606 3444 against
618 3389 648 3431 its
658 3388 763 3441 clashlng
774 3387 832 3430 with
844 3385 882 3447 the
895 3386 954 3440 pub·

68 3442 101 3503 tic
109 3442 185 3496 goodt
195 3443 226 3541 ip
236 3454 289 3488 case
300 3443 357 3500 they
368 3443 485 3497 interfere,
496 3442 526 3487 he
541 3441 627 3486 should
637 3441 664 3486 iu
675 3441 726 3486 that
735 3440 843 3485 instance
855 3451 907 3495 give
918 3452 953 3498 up

68 3504 106 3539 um
114 3507 200 3551 puraur
231 3508 242 3519 ·’
