2054 3946
331 497 402 543 LIB.
418 495 439 541 l.
472 496 549 542 CAP.
569 496 644 543 XLI.
896 507 948 560 101

109 606 175 665 Nec
197 625 264 663 vero
285 605 409 663 alienum
430 616 483 672 est,
500 605 534 661 ad
554 624 588 662 ea
608 605 748 682 eligenda,
767 627 824 679 qua
845 606 951 664 dubita·

70 687 178 744 tionem
199 685 330 752 afferunt,
352 684 484 742 adhibere
505 685 604 743 doctos
630 686 772 753 homines,
795 688 840 744 vel
867 688 951 743 etiam

68 783 124 824 usu
144 767 263 842 peritos,
279 775 317 832 et,
332 765 401 838 quid
422 765 458 821 iis
479 764 514 821 de
536 783 649 836 quoque
668 765 754 823 officii
777 785 879 842 genere
895 766 951 841 plu·

69 857 141 914 oeat,
156 845 317 918 exquirere.
360 844 456 920 Major
464 845 540 900 enim
557 864 620 920 pars
631 863 665 900 eo
679 845 737 901 fere
752 845 855 902 deferri
870 847 952 911 solet,

69 944 127 998 qao
142 945 160 982 a
172 935 272 983 natura
285 926 349 1000 ipsa
363 924 510 980 deducitur
521 929 547 980 ι*
569 925 598 981 in
614 925 716 995 quibus
732 926 884 982 videndum
899 935 951 991 ost,

69 1023 128 1063 non
148 1005 235 1062 modo
251 1004 319 1076 quid
334 1005 455 1076 quisquc
468 1004 609 1074 loquatur,
625 1004 676 1060 sed
689 1005 778 1062 etiam
793 1005 862 1076 quid
876 1005 953 1077 quis-

69 1102 125 1156 que
140 1085 254 1148 seruiat,
269 1097 352 1156 atque
373 1084 468 1150 etiam,
484 1101 540 1154 qua
554 1082 589 1139 de
604 1103 689 1140 causa
703 1086 824 1156 quisque
839 1085 951 1141 sentiat.

69 1163 111 1222 Ut
124 1164 202 1220 enim
224 1165 358 1238 pictores,
374 1172 402 1219 et
425 1162 457 1228 ii,
473 1163 521 1234 qui
543 1164 624 1239 signa
646 1164 824 1230 fabricantur,
841 1174 869 1221 et
887 1183 953 1220 vero

68 1244 156 1300 etiarn
177 1248 279 1318 politae,
302 1262 386 1300 suum
407 1243 529 1314 quisque
549 1261 622 1317 opus
643 1244 758 1318 evulgo
780 1243 953 1300 considerari

69 1322 146 1390 vult3
168 1333 209 1389 ut,
224 1323 250 1378 si
265 1321 333 1394 quid
354 1323 559 1397 reprehensum
580 1323 618 1377 sit
633 1342 649 1377 a
662 1323 801 1398 pluribus,
818 1323 847 1378 id
868 1324 953 1379 corri·

69 1412 168 1478 gatar:
191 1401 279 1473 hique
294 1411 322 1458 ot
335 1421 443 1467 secum,
460 1412 566 1458 etcum
588 1401 661 1466 aliis,
677 1402 746 1473 quid
761 1404 789 1459 in
805 1421 839 1458 eo
854 1422 953 1477 pecca·

69 1492 131 1538 tum
147 1483 193 1548 sit,
210 1482 382 1552 exquirunt:
405 1481 446 1537 sio
461 1481 580 1537 aliorum
592 1480 702 1556 judicio
717 1483 856 1557 permulta
870 1483 952 1538 nobis

70 1571 99 1618 et
113 1559 253 1629 facienda,
270 1572 298 1616 et
311 1580 369 1617 non
384 1560 521 1626 facienda,
538 1571 565 1616 ct
586 1560 728 1628 mutanda,
745 1572 773 1617 et
787 1561 953 1637 corrigenda

71 1649 149 1698 sunt.

111 1720 183 1786 Quae
198 1738 265 1776 vero
281 1737 359 1775 more
374 1729 491 1794 agentur
504 1719 697 1791 institutisque
713 1719 854 1783 civilibus
869 1718 903 1775 dc
918 1720 952 1776 iis

69 1800 144 1857 nihil
158 1808 203 1856 est
217 1799 449 1874 praecipiendum.
492 1799 544 1855 Illa
555 1800 632 1854 enim
646 1800 710 1873 ipsa
722 1810 862 1874 praccepta
876 1811 951 1855 sunt.

70 1879 136 1937 Neo
157 1897 330 1951 quemquam
357 1879 526 1935 hocerrore
548 1877 612 1934 duci
634 1888 754 1952 oportet,
777 1888 816 1943 ut,
839 1879 863 1933 si
885 1878 954 1949 quid

71 1959 203 2016 Socrates
230 1967 277 2013 aut
304 1958 484 2033 Aristippusss
508 1969 606 2014 eontra
634 1976 742 2014 morem
774 1957 953 2014 consuetudi·

70 2056 195 2110 nemque
217 2037 329 2093 civilem
345 2037 463 2093 fecerint
484 2037 607 2093 locutive
630 2038 696 2103 sint,
714 2036 788 2092 idern
811 2038 864 2093 sibi
883 2038 954 2094 arbi·

71 2127 159 2174 tretar
173 2117 268 2173 licere.
312 2117 427 2192 Magnis
442 2117 483 2173 illi
499 2126 527 2173 et
546 2115 651 2172 divinis
672 2117 754 2173 bonis
770 2117 843 2173 hanc
866 2117 954 2174 licen·

69 2197 138 2255 tiam
160 2198 391 2268 assequebantur.
435 2194 614 2271 Cynicorum
637 2215 704 2253 vero
732 2197 802 2253 ratio
829 2205 886 2253 tota
910 2207 954 2253 est

102 2358 116 2385 ·
128 2353 245 2399 Natural
261 2366 288 2396 aa
301 2353 434 2398 ueraciter.
471 2352 511 2396 We
525 2355 588 2397 mract
600 2354 679 2407 expect
695 2354 733 2398 rte
748 2355 840 2408 greater
854 2356 911 2409 part
923 2355 952 2412 qs

69 2418 126 2452 men
139 2408 163 2453 to
175 2408 201 2449 bc
213 2407 234 2450 le
263 2407 352 2462 blindlp
365 2407 415 2450 aud
426 2407 596 2462 mechanicalty
609 2408 636 2459 bu
649 2408 710 2451 their
721 2409 890 2461 prutonrtnant
898 2421 954 2463 par·

68 2461 141 2506 none.
177 2461 199 2503 It
216 2464 280 2504 must
299 2460 326 2503 be
348 2459 461 2503 observari
473 2461 524 2503 that
540 2461 563 2504 J.
576 2463 602 2505 F.
614 2453 749 2507 Heusinger
768 2461 889 2504 considers
907 2461 953 2505 this

69 2513 118 2559 inte
149 2513 248 2556 retatiou
256 2525 288 2575 'as
298 2518 340 2557 not
352 2512 520 2574 recon'cileable
533 2513 589 2556 with
602 2514 640 2557 the
652 2513 783 2557 remainder
796 2515 823 2557 ol
837 2517 875 2558 the
886 2527 954 2570 pam·

68 2565 720 2675 muuttattttttttttttutti.tritt
734 2568 952 2674 tttlttttottt

68 2674 106 2719 tae
121 2673 239 2730 majority
250 2673 278 2728 of
293 2673 413 2717 mankind
431 2684 530 2726 uppruac
543 2673 594 2717 rant
604 2673 681 2718 rrrttct
693 2675 781 2717 nature
801 2673 889 2729 herself
899 2686 953 2728 prc-

68 2726 170 2778 rcribcs‚·
194 2727 245 2770 and
265 2726 314 2770 rant
332 2725 446 2781 lbereforc.
466 2725 582 2777 although
599 2727 743 2770 certarnen
765 2740 822 2780 neap
840 2739 882 2779 rrr,
901 2739 952 2779 any

68 2781 168 2834 general
180 2779 296 2823 deviando
302 2777 371 2834 from
383 2792 398 2822 a
408 2778 470 2832 right
482 2778 580 2832 opinion
597 2792 628 2824 on
645 2791 693 2834 unp
705 2781 763 2834 duty
774 2791 815 2824 cru
831 2781 914 2834 hardly
927 2782 952 2822 be

67 2834 188 2889 expected.
224 2832 282 2875 This
300 2837 411 2875 sentence
429 2844 530 2886 appears
541 2837 565 2874 to
582 2833 700 2887 interrupt
713 2833 753 2876 tlre
771 2834 829 2876 train
843 2834 870 2875 os
885 2845 952 2885 argu·

67 2889 144 2937 ment,
157 2886 205 2929 and
217 2897 272 2938 may
284 2885 388 2948 possibly
400 2886 458 2929 have
472 2885 531 2929 been
549 2898 580 2929 en
593 2887 739 2939 annotation,
752 2886 890 2929 introduced
901 2887 952 2929 into

67 2940 108 2986 tha
120 2942 172 2982 text
184 2939 242 2982 from
255 2939 293 2982 the
307 2951 405 2993 margin.

101 2992 181 3047 Mar
200 2991 343 3046 nmrppro.
382 2995 417 3036 As
439 2991 478 3036 the
501 2992 556 3035 verb
576 2992 697 3054 following
718 2992 738 3035 is
758 2992 842 3086 plural,
861 2990 951 3047 Bishop

67 3047 157 3090 Pearce
169 3045 287 3099 proposed
298 3049 322 3087 to
335 3044 426 3099 change
437 3046 476 3088 the
489 3046 643 3101 conJunotron
658 3051 706 3088 mto
717 3047 746 3098 ct,
776 3049 800 3088 ut
812 3050 830 3088 rt
842 3045 897 3087 does
908 3050 952 3088 not

68 3110 161 3154 appear
179 3098 229 3141 that
250 3098 279 3142 he
300 3098 346 3141 had
366 3099 404 3142 the
425 3100 544 3152 authority
557 3099 585 3142 oi
598 3111 646 3152 any
659 3100 709 3142 MS.
743 3101 812 3142 Some
831 3098 951 3141 instances

68 3163 83 3196 a
102 3164 161 3207 pear
171 3151 199 3194 of
214 3155 261 3194 two
280 3163 359 3195 nouns
372 3152 396 3195 in
415 3152 453 3195 the
473 3153 585 3207 singular,
595 3151 677 3207 joined
689 3151 720 3205 by
732 3153 784 3203 aut,
797 3151 951 3205 goveminga

84 3165 149 3249 lural
160 3204 223 3248 verb.
258 3205 292 3247 De
304 3207 341 3248 Or.
353 3205 376 3249 ii.
389 3208 410 3256 4,
427 3209 441 3230 “
452 3207 484 3250 Ut
495 3218 526 3248 ne
545 3205 664 3266 Sulpicius
683 3204 803 3247 familiaris
822 3216 896 3251 meus.
909 3213 950 3248 aut

68 3219 205 3354 gottaplus
217 3270 290 3311 quum
306 3271 351 3313 ego
369 3258 434 3313 apud
452 3263 473 3301 te
487 3260 561 3302 velere
574 3258 723 3301 vrdeantur.”
757 3259 786 3300 ln
805 3270 870 3301 some
881 3259 949 3302 MSS.

68 3311 140 3356 indee
175 3311 284 3355 otiaretur
301 3311 321 3354 is
339 3312 421 3356 found.
456 3312 576 3366 Sulpicius
593 3312 622 3354 ed
640 3311 687 3354 Cic.
700 3311 715 3354 l.
727 3310 757 3354 iv.
770 3313 814 3372 Ep.
826 3313 848 3365 5,
865 3311 949 3364 “erid

67 3364 180 3419 estquod
200 3370 225 3407 tu
244 3368 285 3407 aut
299 3365 339 3408 illa
357 3378 412 3409 cum
430 3365 531 3411 fortuna.
544 3366 589 3408 hoc
607 3364 711 3415 nomine,
730 3377 798 3418 queri
818 3361 949 3419 possitisl’'

68 3417 207 3472 Aristippus
227 3417 272 3460 had
289 3418 377 3461 beena
394 3418 491 3472 disciple
504 3419 531 3461 os
551 3420 672 3466 Socrates:
690 3418 719 3459 he
732 3426 781 3461 was
799 3419 903 3462 unetive
920 3418 947 3460 of

68 3472 168 3526 Cyrene,
180 3471 227 3514 and
239 3471 344 3514 founded
363 3472 402 3515 the
418 3476 467 3515 sect
482 3471 568 3514 named
589 3471 627 3514 the
644 3470 949 3527 commonitionum

68 3523 177 3568 uunuted
187 3537 201 3567 a
210 3528 291 3580 strong
304 3525 368 3582 tinge
381 3525 410 3570 os
418 3524 612 3582 Epicureanism.

494 3587 531 3643 9*
