2054 3946
23 33 965 259 m

300 116 303 123 ι

447 500 526 545 car.
542 497 588 544 rr.
899 502 958 558 265

71 611 110 660 rit
145 608 211 670 Quid
228 609 307 659 dicam
324 608 353 658 do
371 608 475 657 moribus
493 607 625 656 facillimis!
645 606 675 655 de
692 605 778 669 pietate
796 605 822 654 in
840 608 956 656 matreml

70 679 207 728 liberalitate
219 677 244 725 in
256 677 364 725 sororesl
384 676 488 723 bonitate
505 676 530 723 in
543 675 618 724 suosl
636 673 728 739 justitia
741 674 766 721 in
778 690 862 721 omnes
871 677 880 722 'l
901 683 958 724 nota

68 752 128 794 sunt
145 745 218 792 vobis.
253 743 334 803 Quam
353 751 433 791 autem
453 743 543 791 civitati
560 758 629 790 carus
652 742 729 799 suerit,
749 757 847 789 moerorc
868 742 959 790 funeris

68 812 201 861 indicatum
223 819 266 859 est
314 811 380 869 Quid
402 811 475 870 igitur
489 811 553 857 hunc
570 825 700 872 paucorum
718 824 836 856 annorum
854 809 958 857 accessio

71 881 157 944 juvare
168 878 303 941 potuissetl
334 878 452 926 Senectus
463 876 536 934 enirn,
545 876 654 938 quamvis
665 891 715 924 non
728 875 759 923 sit
767 876 851 936 gravis,
864 876 903 938 (ut
911 893 959 927 mc·

69 946 131 995 mini
145 944 271 1002 Catonem,
284 961 348 992 anno
366 952 420 992 ante
432 960 505 1006 quam
523 951 632 991 mortuus
643 951 686 1000 est,
697 959 792 991 mecum
804 950 895 991 etcum
907 943 959 991 Sci·

69 1014 143 1078 piane
161 1013 287 1078 disserere)
302 1020 382 1060 tamen
400 1012 477 1059 aufert
494 1026 548 1058 cam
559 1010 709 1069 viriditatem,
721 1009 747 1058 in
760 1026 808 1072 qua
824 1010 958 1059 etiamnum

70 1089 119 1129 erat
129 1080 219 1142 Scipio.

104 1149 266 1207 Quamobrem
287 1146 336 1194 rita
356 1146 453 1209 quidem
472 1144 525 1192 talis
541 1144 593 1203 suit,
611 1145 649 1192 vel
663 1144 764 1200 fortuna,
776 1144 814 1192 vel
832 1144 914 1205 gloria,
931 1152 957 1193 ut

68 1214 131 1263 nihil
148 1222 226 1277 posset
239 1214 355 1262 accedere.
389 1212 506 1260 Moriendi
519 1220 599 1260 autem
618 1227 715 1259 sensum
728 1211 834 1259 celeritas
846 1213 954 1260 abstulit:

70 1297 118 1344 quo
130 1282 159 1329 ds
171 1297 256 1342 genere
268 1281 350 1329 mortis
361 1280 456 1328 difficile
467 1279 533 1327 dictu
544 1288 594 1335 est;
612 1278 669 1340 quid
681 1277 790 1326 homiues
799 1279 957 1341 suspicentur,

70 1348 162 1397 videtis.
195 1348 250 1396 Hoc
262 1356 342 1396 tamen
350 1363 403 1394 vere
415 1347 468 1394 licet
479 1347 563 1404 dicere,
573 1345 601 1393 Ρ.
607 1344 722 1408 Scipioni,
732 1360 762 1392 ex
775 1345 856 1393 multis
868 1346 957 1405 dicbus,

70 1431 130 1479 quos
142 1415 168 1463 in
180 1415 228 1463 rita
240 1415 402 1463 celeberrimos
415 1413 593 1476 laetissimosque
603 1412 693 1468 viderit,
702 1411 769 1460 illum
782 1413 846 1460 diem
857 1413 958 1461 clarissi·

70 1499 138 1532 marn
148 1482 227 1540 fuisse,
237 1498 300 1538 cum,
308 1490 392 1529 senatu
400 1481 506 1539 dimisso,
514 1481 612 1528 domum
622 1479 734 1528 reductus
742 1480 772 1527 ad
781 1495 905 1541 vesperum
914 1488 957 1538 est,

70 1550 197 1613 apatribus
205 1549 350 1612 conscriptis,
360 1548 463 1611 apopuli
473 1547 576 1596 Romani
584 1546 685 1595 sociiset
692 1546 793 1604 Latinis,
802 1546 876 1609 pridie
884 1563 957 1608 quam

69 1617 173 1666 excessit
183 1632 197 1664 a
208 1616 269 1664 vita:
284 1626 310 1664 ut
321 1632 350 1664 ex
363 1626 412 1663 tam
424 1616 472 1663 alto
483 1615 605 1676 dignitatis
617 1614 690 1674 gradu
702 1614 730 1662 ad
743 1629 840 1676 superos
851 1613 958 1662 videatur

70 1684 157 1748 potius,
175 1699 247 1746 quam
265 1684 294 1732 ad
312 1683 407 1740 inferos,
424 1683 567 1744 pervenisse.
600 1681 689 1744 Neque
706 1679 771 1729 enim
789 1680 903 1728 assentior
920 1680 957 1739 iis,

69 1751 112 1813 qui
124 1751 174 1798 hec
189 1766 265 1813 nuper
282 1751 394 1799 disserere
412 1757 541 1812 caeperunt,
553 1766 609 1798 cum
627 1747 763 1811 corporibus
782 1747 853 1795 simul
864 1747 958 1796 animos

70 1817 173 1875 interire,
186 1824 256 1880 atque
269 1817 350 1865 omnia
361 1824 436 1865 morte
448 1816 528 1865 deleri.

103 1951 147 2000 lv.
165 1950 224 2000 Plus
239 1951 302 2015 apud
319 1969 357 1999 me
375 1950 528 2013 antiquorum
548 1949 674 1999 auctoritas
691 1950 761 2008 valet,
773 1949 810 1998 vel
823 1955 957 1999 nostrorum

70 2019 195 2082 majorum,
210 2018 264 2081 (qui
282 2017 381 2066 mortuis
399 2026 448 2066 tam
466 2017 575 2078 religiosa
590 2018 645 2081 jura
662 2017 810 2075 tribuerunt3
828 2016 892 2079 quod
906 2033 956 2065 non

68 2085 181 2134 fecissent
192 2086 301 2148 prolecto,
310 2085 330 2134 si
339 2085 399 2133 nihil
411 2086 440 2133 ad
450 2101 490 2133 cos
502 2085 617 2147 pertinere
627 2085 805 2150 arbitrarentur)
817 2085 854 2131 vel
866 2100 956 2142 eorum,

70 2151 113 2215 qui
124 2152 149 2199 in
160 2153 207 2201 bae
219 2162 279 2201 terra
290 2152 394 2209 fuerunt,
404 2152 567 2214 Magnumque
579 2151 695 2199 Graeciam
706 2150 770 2213 (qua
782 2166 848 2199 nunc
860 2151 957 2212 quidem

70 2220 148 2268 deleta
160 2226 203 2277 est,
215 2227 266 2268 tum
279 2220 387 2285 florebat)
403 2218 517 2267 institutis
528 2227 552 2266 et
562 2218 684 2281 preceptis
695 2219 745 2266 suis
757 2218 907 2276 erudierunt;
918 2219 957 2266 vel

69 2287 130 2351 ejus,
142 2287 184 2348 qui
195 2287 315 2350 Apollinis
333 2288 427 2335 oraculo
439 2285 628 2349 sapientissimus
644 2294 680 2334 cst
693 2285 830 2350 judicatus:
848 2284 890 2347 qui
906 2301 956 2333 non

69 2361 123 2402 tum
136 2353 188 2411 boc,
200 2362 251 2402 tum
263 2354 329 2412 illud,
341 2354 406 2402 utin
418 2353 542 2416 plerisque,
554 2353 596 2401 sed
612 2352 675 2400 idem
686 2352 778 2400 dicebat
795 2367 894 2415 semper,
906 2352 957 2401 ani·

70 2435 123 2469 mos
139 2419 265 2468 bominum
282 2437 334 2468 esse
350 2420 451 2478 divinos,
468 2420 553 2483 iisque,
570 2435 626 2468 cum
643 2437 657 2469 a
674 2435 770 2483 corpore
792 2420 957 2478 excessissent,

69 2486 173 2536 reditum
184 2487 210 2536 in
223 2488 309 2536 coelum
325 2495 412 2551 patere,
425 2488 561 2551 optimoque
578 2494 602 2536 et
616 2486 748 2552 justissimo
764 2487 851 2550 cuique
862 2487 958 2551 expedi·

70 2554 197 2603 tissimum.

104 2621 176 2680 Quod
195 2621 251 2670 item
270 2620 376 2684 Scipioni
392 2621 531 2679 videbatur;
550 2621 591 2685 qui
608 2621 713 2684 quidem,
729 2620 797 2683 quasi
814 2620 956 2684 praesagiret,

70 2688 195 2752 perpaucis
212 2696 267 2736 ante
285 2696 384 2736 mortem
395 2689 479 2736 diebus
494 2688 562 2752 (cum
579 2697 603 2738 et
621 2689 707 2738 Philus
718 2696 743 2736 et
759 2688 874 2736 Manilius
891 2687 958 2736 ades·

68 2763 131 2813 sent,
137 2763 162 2802 et
173 2756 213 2804 alii
224 2757 311 2819 plures,
319 2763 393 2818 tuque
401 2755 480 2813 etiam,
489 2754 602 2814 Scaevola,
610 2772 705 2804 mecum
714 2754 839 2821 venisses)
851 2754 957 2802 triduam

68 2822 181 2871 disseruit
198 2823 227 2870 de
244 2822 376 2884 republica:
394 2824 463 2886 cujus
480 2822 646 2886 disputationis
656 2822 703 2870 fuit
719 2828 852 2869 extremum
864 2821 911 2870 fere
927 2821 957 2869 de

68 2887 245 2955 ¹immortalitate
257 2889 405 2947 animorum
423 2905 475 2951 quae
487 2906 512 2936 se
525 2888 549 2936 in
562 2889 641 2951 quiete
658 2887 789 2952 pervisum
800 2903 830 2936 ex
843 2887 957 2936 Africano

69 2955 165 3005 audisse
176 2955 274 3005 dicebat.
308 2956 335 3004 ld
347 2955 368 3003 si
378 2954 412 3004 ita
423 2964 466 3013 est,
475 2964 503 3003 ut
514 2955 598 3018 optimi
609 2955 727 3020 cujusque
738 2955 833 3003 animus
845 2955 869 3002 in
882 2964 957 3003 morta

68 3022 181 3073 facillime
203 3025 286 3079 evolet,
306 3029 428 3085 tamquam
446 3039 459 3070 e
476 3022 584 3070 custodia
605 3022 755 3086 vinculisque
778 3022 894 3085 corporis3
917 3021 957 3070 cui

68 3105 197 3139 censemus
219 3104 316 3138 cursum
338 3091 367 3138 ad
388 3089 454 3138 Deos
476 3089 605 3138 faciliorem
628 3089 708 3147 fuisse,
732 3105 803 3150 quam
832 3088 955 3152 Scipionil

70 3156 197 3217 Quocirca,
209 3173 306 3205 moerere
323 3155 369 3204 hoc
386 3156 439 3220 ejus
450 3163 544 3214 eventu,
557 3172 644 3216 vereor,
656 3172 687 3204 ne
704 3155 779 3204 insidi
796 3156 872 3216 magis
884 3172 957 3216 quarn

69 3239 140 3274 amrcr
151 3224 190 3273 sit.
224 3224 269 3273 Sin
281 3232 361 3272 autem
372 3223 414 3272 illa
425 3223 521 3281 veriora,
533 3231 561 3271 ut
572 3223 635 3272 idem
652 3223 762 3272 interitus
773 3222 805 3271 sit
822 3223 956 3271 animorum

69 3300 237 3355 etcorporum,
250 3307 294 3339 nec
306 3292 370 3339 ullus
381 3307 467 3338 sensus
478 3299 589 3350 maneat;
607 3299 635 3339 ut
645 3290 706 3339 nihil
718 3290 774 3339 boni
791 3297 827 3338 est
838 3289 862 3338 in
874 3298 956 3348 morte,

69 3359 105 3408 sic
116 3367 179 3408 certo
190 3358 251 3407 nibil
262 3358 332 3407 mali:
351 3374 423 3407 sensu
436 3357 501 3405 enim
513 3358 607 3415 amisso,
618 3359 646 3408 fit
657 3357 727 3415 idem,
740 3356 808 3420 quasi
824 3366 895 3405 natus
907 3371 956 3404 nor.

68 3434 133 3475 essct
144 3425 255 3474 omnium
274 3441 345 3487 quem
361 3432 442 3473 tamen
453 3441 505 3473 esse
522 3432 607 3475 natum
618 3433 642 3475 ct
658 3441 704 3474 nos
721 3424 859 3487 gaudemus,
871 3424 956 3473 ether

69 3493 162 3552 civitas,
174 3493 232 3541 dum
244 3492 294 3552 erit,
307 3493 429 3542 letabitur.

499 3565 542 3620 23
