2054 3946
338 479 410 525 L113.
428 477 480 523 111.
513 477 591 522 CAP.
608 476 685 522 XIV.
896 478 951 532 195

68 588 182 664 gotium
209 586 332 644 conficit.
381 587 486 645 Invitat
511 585 619 643 Canius
641 584 777 662 postridie
801 583 952 641 familiares

69 685 152 724 suos.
204 665 290 723 Venit
313 667 376 743 ipse
402 677 528 723 mature:
557 667 693 723 scalmum
721 665 829 721 nullum
854 662 950 719 videt:

69 747 174 819 quierit
187 764 224 802 ex
239 746 370 821 proximo
385 747 488 813 vicino,
505 765 572 802 iiuin
591 745 666 801 feriae
682 744 810 816 quaedam
832 743 952 817 piscato·

70 844 135 883 runi
157 835 263 892 essent,
284 825 359 898 quod
386 844 436 883 eos
461 825 554 882 nullos
579 824 696 880 videret.
750 823 855 887 Nullae,
877 820 953 893 quod

71 904 273 976 sciam,inquit
285 904 377 983 [ille,]
392 904 442 962 sed
455 904 502 961 hic
513 905 618 980 piscari
633 904 703 960 nulli
716 903 817 960 solent.
853 901 952 973 Itaque

71 984 133 1041 heri
148 984 279 1050 mirabar,
294 984 362 1056 quid
377 984 535 1041 accidisset.

111 1063 291 1120 Stomachari
317 1063 436 1121 Canius.
479 1062 536 1120 Sed
558 1061 626 1134 quid
647 1061 773 1118 lacerati
815 1059 952 1116 Nondum

70 1143 150 1200 enim
164 1143 318 1214 Aquillius,
333 1144 459 1218 collega*
481 1154 509 1199 et
530 1141 676 1199 familiaris
695 1159 785 1206 meus,
801 1140 954 1215 protulerat

70 1220 107 1278 de
130 1221 196 1278 dolo
218 1223 293 1279 malo
316 1223 461 1279 formulas.
504 1222 537 1279 lii
558 1222 661 1293 quibus
682 1221 753 1296 ipsis
776 1238 840 1276 cum
861 1238 897 1276 ex
918 1237 953 1275 eo

71 1312 254 1374 quaereretur,
270 1301 339 1373 quid
353 1311 430 1358 esset
444 1300 525 1357 dolus
540 1301 650 1357 malus:
673 1300 871 1376 respondebat,
887 1316 952 1356 cum

71 1390 150 1437 esset
164 1381 238 1438 aliud
254 1381 427 1448 simulatum,
439 1380 514 1437 aliud
529 1391 632 1437 aetum.
675 1379 740 1437 Hoc
755 1379 869 1451 quidem
885 1395 953 1435 sane

70 1461 238 1527 luculenter,
258 1472 291 1517 ut
310 1462 344 1517 ab
365 1461 481 1516 homine
506 1461 597 1535 perito
619 1459 784 1516 definiendi.
825 1459 903 1533 Ergo
926 1468 955 1514 et

71 1540 207 1616 Pythius,
222 1550 251 1596 et
264 1559 362 1597 omnes
378 1539 454 1596 aliud
468 1549 594 1615 agentes,
610 1536 685 1595 aliud
701 1539 876 1602 simulantes,
892 1556 954 1612 per·

69 1618 133 1686 fidi,
148 1620 280 1694 improbi,
304 1619 456 1676 malitiosi*
477 1631 552 1676 sunt.
596 1618 715 1676 Nullum
740 1618 824 1693 igitur
848 1617 954 1673 factum

71 1716 171 1757 eorum
186 1710 280 1775 potest
293 1700 371 1756 utille
385 1717 459 1766 esse,
475 1718 540 1756 cum
555 1699 593 1754 sit
606 1708 646 1754 tot
659 1698 735 1754 vitiis
750 1698 938 1769 inquinatum.

70 1853 183 1901 munima
194 1854 240 1898 this
252 1855 435 1910 interpretation.
469 1855 557 1907 Cicero,
565 1855 644 1899 maliin
669 1866 711 1898 use
722 1853 750 1897 of
756 1866 771 1897 a
781 1854 897 1897 technical
906 1853 954 1897 and

70 1909 129 1955 then
142 1909 196 1970 well
209 1909 351 1952 understood
366 1921 395 1952 ex
414 1909 511 1960 roselon,
523 1920 579 1964 may
591 1913 633 1952 not
647 1867 708 1952 have
725 1907 824 1960 thought
840 1907 858 1950 it
874 1919 955 1951 neces·

70 1973 126 2024 serp
138 1964 162 2005 to
173 1966 246 2023 insert
256 1963 298 2006 ille
307 1975 333 2005 or
343 1923 453 2018 Pythius.
488 1963 565 2006 These
583 1973 705 2016 pronouns
723 1972 760 2004 ara
772 1960 834 2022 elteri
849 1961 954 2014 omitted,

70 2026 99 2060 aa
114 2026 140 2058 iri
160 2013 205 2058 this
222 2016 325 2070 chapter,
337 2016 396 2070 quid
415 2013 518 2060 mulla?
537 2016 653 2077 inrpatrol.
673 2015 723 2069 (Sc.
742 2013 848 2067 Cantor.)
885 2013 954 2058 Tlius

70 2070 148 2114 Cesar
161 2069 201 2124 (de
213 2068 271 2112 Bell.
283 2069 342 2112 Gall.
355 2068 369 2112 i.
383 2069 417 2113 18.
430 2068 464 2130 2,)
479 2070 587 2178 Ὓυεεῐιῑ
601 2068 701 2174 serasar)
712 2079 742 2111 ex
754 2067 804 2111 solo
819 2066 912 2128 (Lisco)
926 2079 955 2112 ea

86 2132 124 2166 uae
136 2121 161 2165 iri
173 2127 291 2165 conventu
303 2122 401 2166 dixerat.
434 2122 496 2166 Dicit
523 2122 607 2166 Liscus
633 2121 728 2167 liberius
744 2121 954 2196 atqueaudacrus:

93 2174 162 2219 adem
183 2175 320 2237 secretorib
341 2174 393 2236 allis
415 2175 501 2236 reperit
522 2175 622 2230 (Caesar)
646 2187 697 2218 esse
714 2174 809 2236 vera}-
828 2176 864 2218 On
888 2173 954 2236 these

70 2227 183 2290 grounds,
194 2227 405 2289 notwithstanding
416 2228 455 2271 tha
466 2228 555 2272 disserit
568 2227 595 2270 of
603 2239 681 2289 many
695 2227 745 2270 able
761 2231 843 2288 critice,
854 2238 955 2272 noinana

70 2279 342 2378 {wigheldiiyi'wdsp
361 2280 400 2325 the
421 2285 467 2379 ppeo
485 2281 664 2377 leicspvaditors,
675 2285 774 2324 venture
792 2284 816 2324 to
833 2285 954 2350 interpret,

70 2333 954 2503 pisile·{fiilis{iliiusrestituerentur

70 2504 188 2545 omniurn,
200 2494 315 2554 indicium
327 2494 356 2537 de
368 2493 421 2537 dolo
433 2495 503 2555 malo,
515 2493 617 2555 quodflcu.
629 2495 749 2548 Aquillius
760 2493 882 2555 familiaris
899 2507 953 2538 rios·

69 2551 113 2608 ter,
121 2546 226 2642 protulit.
260 2547 337 2599 Quem
355 2546 435 2608 dolum
451 2547 645 2622 idem‚Aqurllins
662 2552 713 2591 tum
726 2553 799 2591 teneri
812 2553 887 2602 putat,
898 2559 954 2591 cuin

70 2600 121 2710 ahi
132 2600 557 2714 hildliiiorxhidatlilrii’dddudnhcdiss'was
568 2652 682 2706 certainly
694 2653 793 2714 positive
804 2653 878 2705 fraud,
887 2653 954 2696 talea·

70 2706 140 2759 hond,
152 2706 199 2749 aiid
212 2707 354 2749 intentional
371 2706 511 2767 deception:
530 2718 560 2748 ori
578 2706 617 2749 the
634 2707 707 2757 other,
715 2708 835 2782 ¹ear'tainly
847 2713 912 2749 want
923 2707 952 2750 of

69 2759 954 2875 ttulittilltllfntllltllladlll⁰nlt¹tlttftt⁰lttttt

68 2864 953 2980 tlrl‘tintellegitis?ltltillj‘tllltlt‘dttttlllu,lttitlt

68 2975 144 3024 court,
156 2976 235 3025 aeting
254 2982 285 3013 on
304 2970 420 3032 equitable
438 2973 574 3027 principles,
586 2972 652 3032 liave⁸
663 2970 764 3014 ufforded
776 2975 800 3014 to
813 2971 851 3013 tlie
864 2969 951 3025 buyeri

68 3024 952 3140 littdldtglnttttlttttdltilttdlnlttttttltstttttt‘lll

71 3134 165 3186 justice,
173 3134 237 3190 toan
247 3130 381 3175 abatement
391 3131 419 3173 of
426 3131 465 3174 the
473 3143 574 3185 pridem
583 3134 720 3185 proportiou
729 3134 753 3192 to
765 3129 803 3172 the
813 3129 951 3174 dimmisheu

68 3183 492 3282 {gihieogilffistffitrffffiriffinvgdit
503 3186 531 3227 ol
538 3184 603 3228 these
613 3183 678 3227 boote
686 3182 751 3228 toliis
762 3188 878 3239 prospect.
896 3182 951 3228 And
