2054 3946
108 220 163 274 158
418 213 465 259 on
492 212 675 259 orr1crrs.

105 334 149 380 est
169 325 284 399 potitus.
328 321 460 394 Cumque
482 332 634 398 tyrannum
657 322 811 380 Nicoclem
834 320 982 397 improvisu

105 404 305 477 oppressisset,
322 412 474 458 sexcentos
495 403 621 468 exsules,
637 403 686 473 qui
701 402 816 459 fucrant
838 402 902 477 ejus
922 400 983 459 eivi-

105 484 169 537 tatis
185 482 413 556 locupletissimi,
429 482 560 547 restituit,
576 500 693 552 remque
707 482 854 557 publicam
870 480 983 539 adventu

105 580 157 617 suo
179 562 318 617 liberavit.
361 559 419 616 Sed
445 580 510 616 cum
539 580 669 635 magnam
697 558 937 619 animadverteret
957 560 983 619 itt

105 641 187 696 bonis
202 651 230 696 et
243 640 473 715 possessionibus
489 639 693 705 difficultatem,
709 639 787 710 quod
800 650 831 695 et
843 658 905 709 cos,
917 656 983 713 quus

106 718 166 795 ipse
190 721 356 784 restituerat,
379 738 499 791 quorum
521 719 595 779 bona
616 720 662 776 alii
685 718 886 794 possederant,
907 736 983 797 egeto

107 799 318 869 iniquissimum
341 799 533 864 arbitrabatur,
557 809 586 854 et
612 798 823 873 quinquaginta
851 816 982 858 annorum

105 879 303 953 possessiones
318 877 445 933 moveri*
460 897 516 934 non
539 878 623 933 nimis
638 896 751 949 aquom
767 878 898 952 putabat,
907 896 983 955 prop·

105 969 181 1014 terea
196 956 271 1028 quod
287 966 342 1012 tam
357 956 443 1031 longo
459 957 551 1032 spatio
566 957 654 1013 multa
668 956 888 1024 hereditatibus,
904 958 983 1015 mula

105 1037 287 1102 emtionibus,
303 1036 390 1091 multa
412 1036 525 1092 dotibus
546 1038 712 1092 tenebantur
730 1037 795 1093 sine
818 1037 934 1113 injuria,
943 1038 982 1113 ju·

105 1114 218 1179 dicavit,
248 1133 340 1186 neque
364 1115 431 1182 illis,
453 1114 550 1190 adimi,
573 1134 666 1187 neque
685 1115 732 1171 his
758 1134 819 1173 non
844 1116 980 1183 satisfieri,

105 1213 225 1265 quorum
241 1194 289 1250 illa
303 1193 423 1259 fuerant,
438 1206 578 1269 oportere.

145 1272 221 1329 Cum
243 1274 328 1349 igitur
341 1274 494 1338 statuisset,
510 1292 582 1348 opus
598 1292 661 1329 esse
676 1271 710 1329 ad
725 1292 788 1330 eam
809 1293 871 1331 rem
886 1275 981 1333 cousti-

105 1352 237 1410 tucndam
267 1353 398 1428 pecunia,
420 1352 622 1409 Alexandriam
651 1372 682 1409 se
705 1352 854 1427 proficisci
881 1352 980 1433 [velle]

105 1430 187 1497 (lixit,
204 1451 320 1504 remque
344 1433 481 1504 integram
502 1430 537 1488 nd
559 1431 680 1488 reditum
695 1451 778 1488 suum
801 1434 894 1509 jussit
906 1452 979 1491 esse:

105 1513 186 1583 isque
201 1513 330 1568 celeriter
345 1510 379 1566 ad
394 1510 607 1577 Ptr›lemaeum‚†
621 1530 704 1567 suum
725 1511 887 1587 hospitem,
902 1512 980 1579 veuit,

105 1592 234 1662 quitum
259 1592 394 1665 regnabat
414 1592 483 1647 alter
508 1600 573 1665 post
597 1590 800 1647 Alexandriam
823 1592 979 1651 conditam:

105 1671 151 1726 eui
166 1690 230 1727 cum
246 1670 436 1745 exposuisset,
452 1671 572 1745 patriam
587 1688 617 1725 se
632 1670 751 1726 liberare
762 1672 849 1737 velle,
862 1690 981 1729 causam·

105 1767 160 1820 que
176 1749 346 1822 docuissetss
360 1769 375 1805 a
389 1769 455 1823 rege
478 1750 612 1824 opulento
627 1750 670 1805 vir
690 1768 822 1807 summus
838 1750 923 1809 facile
935 1750 981 1809 im·

106 1830 225 1902 petruvit
243 1839 272 1884 ut
293 1829 392 1903 grandi
416 1829 551 1903 pecuniam
572 1828 760 1903 adjuvaretur.
804 1830 900 1897 Quam
922 1848 981 1889 eam

105 1907 261 1982 Sicyonem
278 1909 426 1973 attulisset,
443 1907 571 1964 adhibuit
585 1909 638 1964 sibi
654 1908 684 1963 iu
699 1910 855 1967 consilium
871 1908 982 1983 quinde-

105 1986 161 2042 cim
182 1987 336 2061 principes,
352 2006 416 2044 cum
439 1988 541 2058 quibus
563 2007 662 2043 causas
684 1989 820 2063 cognovit
840 1999 981 2047 eteorum

105 2066 153 2135 qui
169 2066 260 2121 aliena
274 2068 414 2132 tenebant,
431 2079 571 2123 eteorum
586 2066 634 2137 qui
656 2084 707 2122 sua
728 2067 905 2135 aririserantt
925 2086 982 2143 per·

105 2144 225 2215 lecitque
239 2145 412 2201 aestimandis
421 2146 661 2220 possessionibus,
673 2158 703 2202 ut
715 2146 903 2220 persuaderet
912 2148 982 2211 allis,

104 2233 135 2280 ut
149 2225 297 2298 pecuniam
311 2225 438 2298 accipere
451 2226 575 2289 mallent,
590 2225 824 2300 possessionibus
835 2227 981 2289 cederentt

104 2304 178 2367 aliis,
194 2313 224 2359 ut
238 2304 415 2360 commodius
431 2316 569 2379 putarent,
586 2305 727 2360 numerari
742 2305 808 2371 sihi,
825 2304 905 2377 quod
919 2304 982 2363 tanti

104 2394 189 2445 essct,
205 2402 288 2453 quam
311 2402 394 2438 suum
420 2402 595 2457 recuperare.
637 2383 679 2440 lta
703 2384 861 2458 perlectum
882 2398 937 2451 est,
956 2394 983 2441 ul

104 2481 214 2527 omneS,
231 2462 382 2518 concordia
397 2464 558 2527 constituta,
575 2463 637 2518 sinc
653 2463 777 2534 querela,
794 2464 980 2521 discederent

144 2541 169 2597 Ο
181 2542 270 2597 virum
286 2560 430 2614 magnum,
441 2540 614 2615 dignumque
628 2544 676 2613 qui
691 2544 717 2598 in
734 2556 831 2599 nostra
844 2544 983 2619 republica

103 2630 184 2677 natus
200 2622 293 2676 essct!
316 2621 364 2676 Sic
379 2639 429 2696 par
444 2634 487 2676 est
501 2640 583 2696 agere
597 2640 661 2677 cum
675 2622 796 2687 civibus,
814 2642 874 2679 non
890 2622 982 2701 (uthis

106 2700 167 2775 jam
184 2698 331 2777 vidimusll)
348 2699 458 2756 hastam
480 2700 509 2756 in
525 2700 585 2756 loro
600 2719 718 2776 ponere,
733 2711 761 2757 ct
781 2701 861 2758 bona
880 2702 981 2759 civium

136 2842 148 2869 *
162 2838 247 2882 Mmmi
256 2856 264 2879 .·
282 2839 311 2882 nl.
325 2848 456 2884 removere.-
478 2838 517 2882 the
528 2844 624 2934 present
636 2840 734 2889 reading
747 2840 766 2882 is
785 2840 891 2895 adopted
903 2839 936 2897 by
945 2840 981 2887 Bt*

103 2892 170 2939 nesti.
182 2893 221 2934 tho
235 2894 385 2941 llcusiurers,
399 2892 446 2934 and
463 2894 525 2934 Geru
543 2893 590 2944 ord,
602 2904 633 2935 on
647 2893 685 2936 thc
698 2892 753 2936 trith
768 2893 796 2935 os
810 2892 980 2949 Gravissimi

103 2945 175 2990 found
186 2946 204 2987 it
216 2946 240 2987 in
253 2957 299 2988 oue
311 2946 425 2989 MSe—all
438 2944 522 2997 others,
533 2946 581 2988 and
593 2946 657 2999 early
669 2946 777 2997 editions,
790 2957 890 2991 astruere.

134 2998 151 3054 †
163 2998 330 3043 Protesilaum.-
349 2997 528 3052 Philndelphus3
546 2998 585 3042 the
598 2998 685 3041 second
697 3000 724 3041 of
731 2998 781 3042 thot
792 2999 906 3055 dynasty.

103 3054 318 3148 ⁸mssml,e¹prt.s·rrrtrque
336 3051 453 3096 docuisset.
487 3051 543 3095 Hod
565 3050 696 3106 explained
714 3052 737 3097 lo
760 3052 812 3096 him
832 3053 872 3098 ihc
888 3053 979 3099 circum

161 3157 255 3202 (fraudi
264 3157 385 3213 proruta.-
401 3169 449 3202 one
458 3155 569 3201 hundred
581 3157 629 3201 and
637 3157 688 3211 tritu
701 3157 792 3202 talenta.

150 3209 197 3255 Bis
208 3211 272 3267 jnm
291 3212 406 3260 didimia,
440 3210 524 3258 Under
541 3210 583 3255 the
599 3209 749 3263 dictatorship
760 3210 787 3252 st
799 3212 880 3264 sum,
889 3210 939 3256 ond
951 3206 976 3254 ot
