2054 3946
322 497 394 544 LIB.
410 496 446 542 II.
479 496 559 542 CAP.
584 496 667 543 XIII.
884 504 938 559 133

56 641 150 703 OAP.
174 638 257 698 XIII.
302 637 374 708 Qun
395 638 497 775 pglimg
518 637 704 732 odoleoccnti,
726 640 939 699 commendatio

403 736 422 776 α
454 736 596 794 gomont.

97 833 159 898 Qui
186 831 272 906 igitur
294 828 416 905 adipisci
442 848 537 886 veram
565 831 684 905 gloriam
711 832 795 898 volet,
820 833 938 906 justitiae

56 912 193 987 fungatur
213 910 333 967 officiis:
358 928 392 965 ea
412 927 475 981 quae
497 922 603 976 essent,
625 909 731 967 dictum
753 923 797 967 eat
817 913 846 967 iu
867 912 939 968 libro

55 991 235 1065 superiore*
277 988 345 1056 Sed,
359 1000 391 1045 ut
405 988 549 1055 facillime,
563 989 659 1061 quales
674 991 774 1057 aimus,
791 991 860 1046 tales
875 1010 939 1048 esse

56 1070 216 1135 videamur,
231 1070 284 1125 etsi
299 1070 329 1125 in
344 1087 379 1126 eo
399 1069 463 1143 ipso
479 1069 522 1123 vis
538 1069 663 1124 maxima
683 1079 735 1136 est,
751 1081 782 1125 ut
802 1071 891 1126 simos
907 1071 937 1138 ii,

57 1150 108 1223 qui
136 1149 233 1207 haberi
254 1149 386 1214 velimus,
408 1158 502 1204 tamen
526 1147 654 1219 quaedam
681 1160 821 1224 praecepta
848 1149 938 1206 dando

57 1239 136 1287 sunt.
179 1228 255 1285 Nam
279 1228 389 1298 siquis
415 1228 449 1283 ab
472 1242 587 1283 ineunte
615 1238 694 1284 aetate
720 1228 804 1285 habet
824 1248 937 1286 causam

58 1309 230 1365 celebritatis
258 1317 286 1363 et
311 1307 447 1371 nominis,
476 1317 525 1362 aut
544 1326 561 1362 a
581 1317 658 1380 patre
683 1322 825 1382 acceptam
851 1308 937 1387 (quod

59 1389 120 1455 tibi,
144 1389 183 1444 mi
206 1386 322 1452 Cicero,
347 1386 466 1442 arbitror
488 1385 654 1464 contigisse)
679 1397 726 1443 aut
753 1388 848 1459 aliquo
872 1406 938 1444 casu

59 1479 143 1539 atque
153 1467 275 1530 fortuna,
287 1465 316 1522 in
330 1466 405 1522 hunc
417 1464 492 1522 oculi
505 1465 632 1522 omnium
645 1467 844 1541 conjiciuntur,
855 1479 939 1539 atquo

59 1548 88 1604 in
102 1565 179 1612 eum,
196 1544 264 1617 quid
279 1555 352 1620 agat,
368 1544 605 1616 quemadmodem
620 1546 705 1612 vivat,
722 1547 895 1618 anquiritur:
911 1561 939 1603 et

58 1637 204 1698 tamquam
219 1626 247 1681 in
262 1625 420 1681 clarissima
432 1624 496 1680 luce
511 1636 647 1690 versetur,
661 1625 700 1681 ita
713 1627 823 1682 nullum
839 1628 939 1682 obscu-

57 1724 120 1763 mm
135 1713 231 1782 potest
244 1724 295 1760 neo
308 1703 413 1760 dietum
427 1705 489 1778 ejus
502 1722 576 1770 esse,
588 1723 641 1760 nec
652 1703 767 1761 sactum.
810 1706 938 1770 Quorum

57 1796 152 1841 autem
167 1784 259 1858 prima
273 1794 355 1839 astas
368 1794 483 1858 propter
497 1783 684 1840 humilitatem
700 1795 728 1840 et
739 1785 939 1840 obscuritatem

56 1864 87 1923 in
101 1863 251 1921 hominum
273 1863 449 1938 ignoratione
464 1873 599 1929 versatur,
615 1863 644 1918 hi
666 1864 751 1920 simul
767 1883 799 1919 ac
816 1865 938 1938 juvenes

56 1962 120 2000 esse
135 1953 292 2018 coeperunt,
308 1960 410 2017 magua
431 1952 559 2016 spectare
581 1953 609 1998 et
623 1941 657 1998 ad
678 1944 815 1999 carectis
836 1942 938 2015 ¹studiis

55 2022 162 2081 debent
171 2021 340 2079 contendere
354 2042 361 2077 :
378 2021 454 2093 quod
463 2041 497 2078 eo
510 2022 633 2078 firmiore
645 2023 739 2078 auimo
748 2023 860 2088 sacient,
872 2025 939 2093 quia

55 2121 113 2161 non
127 2101 215 2159 modo
227 2120 283 2159 non
299 2100 440 2157 invidetur
453 2101 494 2157 illi
510 2103 593 2164 aetati,
607 2120 706 2158 verum
720 2103 804 2159 etiam
819 2101 937 2158 favetur.

95 2182 195 2239 Prima
208 2192 252 2236 est
266 2181 350 2255 igitur
365 2179 537 2237 adolescenti
552 2180 761 2238 commendatio
774 2181 806 2237 ad
819 2181 938 2256 gloriam

55 2262 80 2318 ai
96 2280 154 2332 qua
167 2279 204 2316 ex
218 2259 328 2317 bellicis
344 2261 426 2317 rebus
442 2261 598 2334 comparari
613 2271 726 2336 potest3
744 2261 773 2317 in
787 2280 843 2332 qua
858 2261 938 2317 multi

56 2339 131 2416 apud
157 2340 279 2414 majores
301 2351 412 2396 nostros
435 2340 618 2396 exstiterunt:
648 2359 762 2415 semper
782 2341 858 2396 enim
880 2341 938 2398 fere

56 2420 132 2476 bella
143 2421 320 2495 gerebantur.
363 2418 427 2475 Tua
442 2431 536 2476 autem
548 2430 614 2476 aetas
624 2419 724 2476 incidit
738 2420 804 2477 inid
820 2421 936 2488 bellum,

56 2500 140 2575 eujus
156 2499 242 2555 altera
256 2517 320 2573 pars
335 2499 451 2556 sceleris
464 2499 585 2556 nimium
599 2500 706 2567 habuit,
722 2501 808 2557 altera
822 2499 938 2557 felicita·

56 2579 94 2635 tie
108 2597 220 2654 parum.
263 2578 327 2643 Quo
342 2580 479 2635 tamenin
494 2577 579 2645 bello,
593 2599 657 2636 cum
674 2590 699 2635 te
715 2579 871 2654 Pompeius
887 2580 938 2636 alae

57 2657 153 2719 alteri†
169 2656 353 2733 prefecisset,
369 2676 501 2733 magnam
521 2658 635 2714 laudem
650 2668 679 2714 et
699 2677 715 2714 a
730 2677 843 2714 summo
864 2660 936 2724 viro,

57 2800 93 2844 for
110 2799 241 2854 legislattve
259 2801 365 2845 sanction
382 2813 501 2844 measures
512 2800 589 2844 thch
608 2800 749 2859 youldeem,
768 2813 794 2844 or
811 2801 897 2844 choose
914 2804 939 2844 to

57 2860 125 2907 term,
136 2851 286 2909 pernIcIouol
321 2857 357 2897 On
376 2853 421 2897 this
432 2854 479 2897 and
491 2852 579 2896 similar
590 2855 691 2897 maxime
702 2854 742 2898 the
752 2855 847 2898 learned
858 2855 940 2898 acade-

56 2906 167 2951 rnthou’s
187 2919 243 2950 own
261 2911 419 2961 countrymen
441 2907 500 2950 have
524 2907 589 2950 eloco
612 2907 678 2950 acted
697 2919 728 2951 on
749 2920 762 2950 a
783 2909 845 2960 largo
869 2908 939 2951 scale.

56 2960 113 3005 Had
127 2961 156 3004 he
174 2959 291 3034 survived,
302 2965 344 3004 not
360 2959 506 3056 improbablg
517 2959 546 3004 he
564 2960 639 3015 mIght
655 2959 713 3004 have
731 2960 789 3004 been
810 2960 939 3022 numbcred

57 3013 728 3111 “mnu‘bethleelllttlttuttrecht?
742 3013 940 3109 heldath

56 3078 159 3167 dlellrdir
172 3080 292 3164 issassins
308 3131 370 3182 were
391 3079 476 3174 deeyidy
494 3098 592 3182 affected
611 3103 642 3181 by
660 3080 740 3163 theml)
765 3119 816 3162 The
830 3119 940 3214 fragrent

56 3184 196 3219 recurrence
208 3173 236 3216 of
243 3173 302 3218 such
313 3185 404 3227 comeo,
413 3173 461 3216 and
472 3172 533 3216 tberr
543 3176 672 3228 impunrty,
684 3173 722 3217 led
734 3176 758 3216 to
770 3172 808 3216 the
820 3176 870 3216 esta
885 3172 940 3215 hah-

56 3227 307 3283 mentoldespotiam.
350 3234 353 3240 ’

380 3312 531 3357 CHAPTER
549 3312 619 3357 XIII.

89 3405 103 3435 *
113 3400 187 3445 Libro
197 3400 325 3454 mtpmmre.
360 3400 389 3443 In
402 3399 441 3444 the
453 3399 494 3443 rm
502 3400 550 3444 and
561 3401 681 3454 following
692 3399 807 3455 chaptera.

86 3453 104 3510 †
116 3454 171 3500 Ata
183 3453 261 3497 alteri.
295 3454 332 3497 To
344 3452 400 3496 each
412 3453 491 3508 legion
504 3467 566 3498 were
584 3454 691 3499 attached
707 3457 754 3496 two
766 3453 898 3508 squadrous
909 3456 936 3497 ot

55 3505 128 3559 berse,
143 3507 218 3550 which
232 3507 331 3552 covered
351 3506 382 3552 ito
402 3505 490 3555 denus.
523 3509 578 3557 The
596 3507 729 3556 command
743 3508 771 3554 ol
791 3518 836 3552 rue
851 3508 880 3550 ut
892 3506 958 3549 euch

506 3566 1011 3677 12·t
