2054 3946
56 3328 64 3351 h

91 178 128 258 50
404 194 451 241 na
470 194 650 241 oratoris.

91 308 260 382 junguntur.
302 303 425 361 Interius
440 306 523 362 etiam
539 313 592 371 est,
608 304 736 381 ejusdem
757 322 822 360 esse
837 303 969 361 civitatis.

91 386 185 443 Multa
200 387 276 441 enim
298 396 365 440 sunt
385 385 495 441 civibus
517 386 589 441 inter
610 403 642 440 se
663 384 843 450 communia3
865 383 969 450 sorum,

92 467 166 530 fana,
183 466 319 538 porticus,
335 465 398 530 viae,
411 465 503 539 legas,
515 465 590 540 jure,
608 463 729 539 judicia,
744 463 891 538 suffragia,
906 480 972 519 con·

91 544 256 600 suetudines
285 555 419 619 praeterea
440 556 468 600 et
488 542 703 609 familiaritates,
729 543 884 614 multisque
908 560 972 599 cum

92 623 189 680 multis
204 643 248 679 res
264 624 445 695 rationesque
459 627 638 680 contractae*
679 622 792 679 Arctior
812 640 881 677 vero
895 620 974 679 colli·

92 704 167 779 gatio
189 713 233 759 est
253 704 396 759 societatis
418 703 653 778 propinquorum.
696 702 739 757 Ab
761 701 810 757 illa
830 701 907 757 enim
923 701 974 757 im·

92 801 191 840 mensa
206 784 339 839 societate
357 782 473 838 humani
488 782 600 857 generis
616 782 646 838 in
659 783 796 857 exiguum
811 789 973 855 augustum·

94 880 147 933 que
163 862 350 918 concluditur.

133 941 209 996 Nam
226 961 289 998 oum
312 942 349 997 sit
369 941 423 996 hoc
438 951 537 997 natura
558 958 709 997 commune
731 938 931 1004 animantium,
944 946 975 993 ut

95 1020 216 1075 habeant
234 1021 390 1077 lubidinem
412 1019 589 1095 procreandi,
606 1020 696 1093 prima
717 1020 839 1074 societas
861 1018 892 1074 in
911 1017 974 1091 ipso

94 1099 228 1174 conjugio
250 1110 311 1156 est:
334 1100 465 1175 proxima
479 1100 507 1154 in
523 1099 637 1154 liberis:
660 1097 762 1155 deiude
783 1117 841 1154 una
861 1096 974 1162 domus,

95 1180 259 1234 communia
280 1180 385 1235 omnin.
429 1178 479 1255 [ld
507 1188 600 1234 autem
622 1186 666 1234 est
687 1178 859 1252 principium
886 1174 974 1241 urbis,

95 1267 123 1313 et
143 1259 225 1330 quasi
239 1258 421 1314 seminarium
444 1255 634 1334 reipublicae]
677 1258 841 1328 Sequuntur
859 1254 976 1312 fratrum

95 1338 321 1412 conjunctiones,
350 1347 415 1411 post
440 1336 690 1397 consobrinorum†
718 1338 973 1407 sobrinarumque:

95 1416 145 1488 qui
170 1435 235 1473 cum
263 1436 318 1473 una
343 1416 427 1473 domo
454 1417 515 1492 jam
538 1417 602 1491 capi
632 1418 831 1491 nonpossint,
854 1416 884 1471 in
908 1414 976 1471 alias

96 1495 209 1562 domos,
238 1507 381 1567 tamquam
411 1496 440 1552 in
469 1497 597 1552 colonias
632 1505 748 1552 exeunt.
809 1496 977 1566 Sequuntur

95 1577 236 1632 connubia
249 1586 277 1632 ct
290 1577 458 1632 affinitates:
481 1594 518 1632 ex
533 1577 636 1648 quibus
651 1576 735 1631 etiam
752 1574 847 1649 plures
861 1572 977 1649 propin·

95 1655 153 1726 qui.
197 1654 284 1732 [Qum
309 1656 487 1730 propagatio,
510 1667 539 1711 et
561 1655 686 1720 suboles,
711 1655 791 1729 origo
817 1663 861 1709 est
882 1670 977 1709 rerum

96 1733 315 1812 publicarum.‡]
357 1734 511 1810 Sanguinis
540 1744 633 1790 autem
657 1733 831 1808 conjunctio,
854 1735 977 1790 benevo-

96 1813 182 1869 lentia
196 1813 321 1870 devincit
334 1813 464 1870 homines
479 1824 507 1869 et
521 1813 644 1870 caritate.
687 1813 828 1889 Magnum
842 1822 887 1869 est
899 1812 976 1869 enim

95 1966 164 2011 made
182 1966 278 2029 evident
294 1967 327 2022 by
345 1970 448 2015 Tacitus.
471 1972 548 2014 Germ.
566 1983 585 2014 c.
604 1972 625 2013 2.
659 1970 727 2023 “Qui
749 1970 853 2025 primum
873 1968 978 2015 Rhenim

96 2025 241 2081 transgressi,
253 2022 333 2082 ¹Gallos
341 2024 482 2077 expulerint,
489 2036 517 2067 ae
529 2035 594 2067 nunc
603 2024 702 2072 Tunuri,
710 2029 767 2068 tunc
779 2023 892 2067 Germani
901 2023 977 2069 coorti

95 2078 164 2126 sunt3
177 2075 318 2136 rtanatronis
330 2087 424 2130 nomeu,
437 2088 486 2120 non
497 2078 581 2133 gentis,
589 2077 704 2121 evaluisse
713 2074 844 2132 paullatim,
856 2080 977 2121 uramara

96 2130 209 2171 Germani
226 2127 391 2172 vocarentur.”

128 2182 200 2225 *Rcr
212 2181 358 2236 rationesque
376 2182 510 2227 contractor.
544 2186 565 2228 A
584 2183 694 2227 scholiast
711 2195 741 2226 on
760 2195 805 2227 one
818 2184 845 2227 of
859 2182 898 2227 tho
909 2182 976 2229 MSS.

96 2234 155 2278 used
168 2233 244 2296 hythe
255 2237 399 2285 Heusingers
410 2235 465 2279 thus
477 2237 656 2292 distinguisbce:
677 2236 818 2282 Contractus
836 2237 977 2298 quandoque

96 2286 131 2384 pit
141 2298 182 2341 ret,
193 2290 334 2343 quandoque
342 2289 452 2333 rotr'anr'r.
484 2290 530 2334 Rei
539 2302 594 2334 cunr
604 2290 637 2345 fit
649 2289 758 2334 ccndtb'o.
791 2290 912 2342 Rotwntr,
922 2300 977 2334 cum

112 2352 137 2384 oc
147 2343 222 2392 rrrrnto,
231 2343 260 2386 ut
272 2344 293 2386 rn'
305 2342 345 2386 hoc
357 2341 451 2397 fecerit,
463 2343 521 2386 dubo
537 2342 580 2388 ctu·
596 2344 693 2387 centurn
703 2344 797 2388 rotulos.
833 2343 977 2387 contractus

95 2395 130 2438 est
142 2395 204 2438 ultro
217 2395 318 2450 citroque
330 2395 495 2450 onrtganrmem
503 2396 610 2450 pariens.
644 2398 679 2440 On
693 2396 759 2439 other
767 2396 889 2439 occasions
898 2395 977 2440 Cicero

96 2448 116 2490 is
132 2448 206 2491 round
219 2454 242 2490 to
256 2447 308 2503 jorn
326 2448 391 2493 these
407 2453 478 2492 tcrms
495 2449 553 2493 used
573 2449 598 2492 in
608 2461 622 2492 a
633 2449 693 2503 lcgnl
709 2459 784 2493 sense.
819 2451 863 2493 Pro
882 2448 978 2502 Quinct.

95 2513 109 2544 e
123 2510 144 2544 a.
168 2502 242 2546 “Nisi
255 2503 320 2556 prius
330 2503 358 2546 dc
369 2502 438 2546 rebus
446 2500 621 2557 rationibusque
634 2503 750 2546 societatis
758 2502 868 2545 carnibus
881 2502 978 2547 decidis·

96 2548 152 2598 set.''
186 2556 229 2598 Pro
249 2556 341 2600 cluent.
359 2568 379 2600 c.
400 2558 434 2609 tn,
451 2559 464 2579 “
472 2557 532 2600 Cum
550 2556 590 2600 illo
607 2568 678 2600 nemo
698 2554 748 2611 jam
766 2557 888 2610 rationem,
905 2566 978 2601 nemo

95 2620 144 2653 rem
156 2608 229 2652 ullam
242 2599 417 2652 contrahebat.”

127 2661 362 2723 †Consobrr'rurrum.
397 2661 447 2723 The
459 2665 518 2705 term
533 2661 663 2707 urnaobrt'nl
674 2675 724 2705 was
742 2660 856 2717 probably
869 2662 920 2706 first
937 2674 952 2706 a

95 2715 158 2769 plied
179 2719 204 2758 to
221 2714 324 2758 children
345 2716 373 2757 of
386 2721 477 2757 sistors:
495 2716 562 2776 quasi
583 2716 730 2761 cunamnrt'nt'.
768 2713 860 2760 Sutrini
881 2674 979 2759 arethe

95 2769 199 2812 children
213 2767 240 2810 of
253 2768 392 2813 consobrini.
426 2769 456 2811 In
474 2769 519 2812 tlns
555 2782 637 2823 assage
655 2770 703 2812 and
720 2769 854 2820 elsewhere,
867 2768 907 2812 the
918 2771 978 2812 term

95 2821 230 2865 conrobrt'ni
241 2821 260 2864 is
272 2823 344 2865 taken
356 2822 381 2864 in
394 2834 424 2864 an
433 2783 553 2865 extendcd
568 2835 644 2871 sense,
656 2821 858 2877 comprehending
871 2822 910 2865 the
923 2821 979 2865 chil-

96 2874 154 2916 dren
165 2875 191 2916 of
205 2873 309 2918 brothers
323 2875 332 2929 t
350 2873 465 2929 ulruelca)
480 2887 504 2918 ns
514 2876 566 2919 wcll
579 2888 605 2919 as
617 2875 645 2918 ot'
654 2876 748 2926 sistcrs3
764 2875 795 2918 all
807 2874 857 2918 first
866 2874 978 2918 cousinet

95 2926 192 2977 sobrini,
210 2928 248 2970 the
267 2940 324 2976 aran
343 2927 448 2970 children
467 2926 494 2971 of
510 2929 575 2979 each,
593 2928 680 2971 second
702 2929 806 2971 cousins.
840 2930 886 2972 Pro
900 2927 978 2984 Liger.

96 2991 117 3022 c.
126 2981 148 3029 4,
165 2981 194 3022 Τ.
207 2981 325 3024 Brocchus
339 2982 360 3025 is
376 2981 450 3025 called
462 2981 616 3027 consobrinos
627 2986 651 3025 to
664 2981 780 3036 Ligarius,
793 2981 831 3025 the
848 2979 938 3026 fathers
947 2978 975 3025 ol

96 3031 153 3075 cuch
165 3031 236 3086 being
250 3032 359 3077 brothers.

126 3088 141 3132 ‡
150 3084 319 3131 Ponticarum.
352 3087 429 3131 These
441 3090 488 3131 two
499 3090 622 3132 sentences
632 3087 713 3131 within
724 3087 839 3138 brackets,
849 3085 979 3133 Facololatl

81 3133 134 3176 had
139 3139 303 3189 pronounced
317 3145 340 3185 to
350 3141 379 3186 be
388 3142 508 3198 spurious.
543 3141 665 3187 Gernhurd
676 3152 783 3184 concurs.
813 3140 868 3185 'llic
877 3138 977 3186 treinel

72 3189 209 3244 reasonr'ng
221 3192 244 3236 r‘s
256 3197 444 3252 unneccssarily
457 3196 612 3253 interrupted
619 3193 651 3247 bt
663 3195 738 3239 mem·
