2054 3946
101 197 161 253 200
409 187 455 233 ea
480 187 678 233 arrrcrrra.

101 309 180 349 torum
197 296 331 355 hominum,
342 295 367 345 id
383 304 426 354 est,
438 294 589 359 sapientium,
604 294 645 358 (do
665 295 710 342 bac
725 294 779 343 dico
799 296 914 360 sapientia
930 311 980 359 qun

100 366 194 416 videtur
205 365 231 413 in
243 364 365 413 homiuem
376 363 458 411 cadere
470 365 552 427 posse)
563 362 593 410 ad
601 363 664 410 leves
672 361 788 410 amicitias
796 364 892 412 deflexit
901 366 981 414 oratio.

100 433 271 563 fiiuqqlquqqqem,
288 430 318 479 sd
335 428 378 479 illa
397 429 474 494 prims
493 429 625 488 redeamus,
646 445 722 490 eaque
742 429 794 492 ipsa
812 432 982 480 concludamus

132 631 240 680 xxvrt.
262 629 354 688 Virtus,
371 628 453 688 virtus,
470 628 577 690 inquam,
590 626 620 677 0.
632 627 719 686 Fanni,
736 637 760 677 et
778 637 811 687 tu,
827 630 857 688 Q.
871 631 946 688 Muci,
958 640 982 680 ct

100 699 210 748 mirelliat
228 696 351 754 amicitias,
367 705 392 745 et
410 703 541 745 conservat.
582 695 611 743 ln
629 712 657 743 ea
675 704 712 744 est
730 697 794 745 enim
813 698 980 747 convenientia

100 781 186 819 rerum,
198 765 223 812 in
234 780 264 812 ea
274 763 395 821 stabilitas,
407 762 433 811 in
444 779 473 811 ea
484 763 623 811 constantia.
657 763 717 822 Qua
734 779 790 811 cum
807 781 833 811 sc
851 765 943 821 extulit,
955 777 979 813 et

99 831 204 880 ostendit
224 832 305 879 lumen
323 846 403 888 suum,
419 840 444 879 et
463 829 526 877 idem
548 829 658 891 adspexit
677 830 819 892 agnovitque
837 829 863 877 in
883 830 936 887 alio,
948 832 978 879 ad

99 898 123 947 id
141 914 167 945 se
185 898 302 956 admovet,
312 896 465 959 vicissimque
482 895 568 959 accipit
584 896 651 954 illud,
662 898 726 959 quod
743 899 769 944 in
786 899 857 945 altaro
874 905 923 944 est:
947 914 978 946 ex

99 980 148 1027 quo
165 980 248 1012 eorum
265 964 396 1012 exardescit
414 964 464 1012 sive
482 978 554 1020 amor,
567 963 617 1011 sive
634 963 751 1013 amicitia:
769 973 896 1026 utrumque
914 965 978 1014 enim

99 1032 190 1079 dictum
209 1038 246 1078 est
262 1032 291 1078 ab
311 1031 428 1079 amando:
453 1045 531 1078 amare
548 1037 628 1078 autem
643 1031 704 1079 nihil
725 1031 788 1080 aliud
804 1040 847 1088 est,
859 1031 905 1078 nisi
923 1048 979 1080 eum

99 1097 180 1160 ipsum
198 1097 304 1157 diligere,
318 1113 390 1159 quem
409 1113 482 1154 ames,
493 1097 561 1144 nulla
577 1097 716 1158 indigentia,
727 1100 793 1146 nulla
806 1099 906 1147 utilitate
917 1116 979 1160 qure-

99 1163 160 1221 sita;
186 1180 238 1226 quae
256 1171 337 1212 tamen
357 1164 410 1228 ipsa
429 1163 555 1212 efflorescit
573 1179 603 1211 ex
621 1164 731 1224 anricitia,
748 1165 819 1213 ctiam
839 1165 860 1212 si
879 1173 905 1213 tu
926 1183 979 1214 eam

100 1230 181 1279 minus
193 1239 289 1278 secutus
300 1230 341 1279 sis.

132 1296 187 1345 Hac
206 1313 251 1345 nos
269 1298 430 1346 adolescentes
444 1296 610 1346 benevolentia
627 1313 696 1345 senes
713 1298 772 1356 illos,
784 1298 813 1347 L.
821 1300 932 1357 Paulum,
944 1299 977 1348 M.

100 1362 226 1419 Catonem,
239 1361 269 1412 O.
278 1364 384 1423 Gallum,
396 1366 424 1412 P.
433 1363 555 1421 Nasicam,
567 1363 607 1412 Ti.
619 1364 763 1423 Gracchum,
775 1366 894 1429 Scipionis
906 1368 978 1414 nostri

98 1446 215 1489 socerum,
227 1430 362 1480 dileximus.
395 1432 455 1480 Haec
471 1431 544 1480 etiam
561 1430 637 1492 magis
655 1433 733 1481 elucet
752 1434 814 1481 inter
831 1435 940 1496 aequales,
952 1443 979 1483 ut

99 1497 162 1546 inter
178 1514 216 1546 ma
231 1505 256 1546 et
273 1497 418 1561 Scipionem,
432 1497 462 1547 L.
470 1497 579 1554 Furium,
592 1498 620 1547 P.
629 1497 761 1562 Rupilium,
775 1500 817 1563 Sp.
825 1500 979 1550 Mummium.

99 1563 212 1613 Vicissim
225 1573 305 1613 autem
316 1581 385 1613 senes
396 1564 422 1613 in
434 1563 620 1613 adolescentium
637 1566 734 1614 caritate
745 1567 934 1629 acquiescimus3
953 1575 978 1616 ut

99 1631 126 1680 in
134 1641 217 1689 vestra,
226 1640 253 1680 ut
264 1633 290 1681 in
300 1632 330 1691 Q.
339 1631 488 1680 Tuberonis:
506 1630 616 1692 equidem
625 1633 696 1680 ctiam
706 1634 833 1683 admodum
846 1635 979 1682 adolescen-

98 1699 137 1754 tis,
149 1699 177 1748 Ρ.
185 1698 276 1757 Rutilii,
288 1699 319 1748 A.
326 1698 437 1759 virginii,
448 1696 604 1746 familiaritate
621 1697 730 1748 delector.
766 1701 933 1763 Quoniamque
946 1701 978 1749 ita

99 1765 158 1814 ratio
175 1774 311 1828 comparata
327 1773 364 1814 est
380 1765 433 1814 vitre
450 1776 586 1825 naturaeque
604 1775 696 1823 nostre,
709 1775 735 1814 ut
747 1768 793 1816 alia
804 1777 859 1816 aetas
877 1769 978 1825 oriatur;

98 1832 203 1880 maxime
211 1833 307 1894 quidem
317 1832 447 1894 optandum
456 1840 499 1888 est,
507 1838 535 1879 ut
545 1846 601 1879 cum
610 1833 739 1894 equalibus
746 1835 829 1897 possis,
836 1836 977 1896 quibuscum

98 1906 220 1963 tamquam
232 1915 245 1947 e
257 1901 388 1948 carceribus
400 1899 501 1946 emissus
513 1897 553 1945 sis.
565 1914 621 1947 cum
632 1899 716 1948 iisdem
728 1902 758 1949 ad
767 1904 856 1950 calcem
871 1901 909 1963 (ut
922 1903 976 1949 dici·

98 1971 148 2032 tur)
169 1966 298 2028 pervenire.
332 1965 387 2024 Sed,
404 1965 516 2028 quoniam
537 1981 574 2012 res
593 1965 704 2014 humanae
724 1967 817 2028 fragiles
837 1970 976 2029 caduceque

97 2040 162 2089 sunt,
173 2048 265 2094 semper
282 2033 355 2094 aliqui
373 2031 514 2094 anquirendi
531 2040 595 2089 sunt,
607 2049 667 2094 quos
684 2035 818 2094 diligamus,
830 2043 854 2083 et
864 2053 879 2082 a
890 2035 976 2096 quibus

97 2097 231 2159 diligamur.
272 2098 376 2146 Caritate
394 2099 459 2148 enim
476 2099 686 2162 benevolentiaque
704 2104 802 2157 sublata,
815 2102 892 2149 omnis
910 2110 975 2149 oste

98 2164 146 2213 vita
169 2167 261 2213 sublata
279 2167 424 2229 jucunditas.
468 2164 530 2213 Mihi
552 2165 647 2226 quidem
670 2167 758 2230 Scipio,
776 2184 919 2230 quamquam
939 2176 975 2214 est

97 2232 175 2279 subito
186 2241 287 2294 ereptus,
295 2233 353 2279 vivit
365 2241 452 2288 tamen,
462 2248 601 2293 semperque
610 2233 685 2282 vivet:
704 2235 813 2282 virtutem
825 2235 889 2282 enim
898 2234 975 2281 amavi

97 2297 161 2347 illius
179 2298 293 2361 virique
311 2298 427 2347 exstincta
444 2314 494 2346 non
513 2306 555 2345 est.
589 2299 643 2348 Nec
661 2301 720 2349 mihi
737 2303 780 2349 soll
798 2309 904 2349 versatur
921 2312 975 2348 ante

97 2367 185 2422 oculos,
196 2367 238 2428 qui
255 2368 319 2414 illam
340 2382 432 2428 semper
449 2365 474 2413 in
492 2364 603 2412 manibus
625 2368 698 2416 habui
729 2370 858 2417 sedetiam
877 2369 976 2431 posteris

97 2431 140 2478 erit
152 2435 214 2480 clara
225 2442 249 2481 ct
261 2433 368 2494 insignis.
402 2432 482 2480 Nemo
494 2447 601 2492 unquam
619 2435 700 2482 animo
712 2448 753 2483 aut
771 2453 813 2498 spe
825 2437 914 2500 majora
926 2453 976 2483 sus·

96 2497 173 2561 cipiet,
182 2500 222 2562 qui
234 2500 278 2548 sibi
290 2516 339 2548 non
351 2501 414 2549 illius
424 2497 561 2548 memoriam
580 2508 650 2562 atque
662 2501 790 2562 imaginem
799 2505 976 2566 proponendam

96 2574 169 2626 putet.

129 2631 256 2693 Equidem,
268 2650 299 2681 cx
311 2635 422 2683 omnibus
438 2635 507 2682 rebus
519 2652 578 2696 quas
595 2634 654 2681 mihi
666 2642 708 2683 aut
725 2635 820 2683 fortuna
835 2643 876 2682 aut
892 2643 976 2682 natura

95 2695 183 2756 tribuit,
191 2700 250 2746 nihil
261 2701 343 2758 habeo,
351 2702 414 2763 quod
422 2718 478 2749 eum
490 2702 593 2749 amicitia
605 2701 723 2764 Scipionis
735 2702 822 2765 possim
836 2718 976 2764 comparare.

95 2762 123 2808 In
136 2764 180 2813 hac
189 2767 248 2814 mihi
255 2767 284 2814 de
295 2768 415 2828 republica
422 2783 559 2825 consensus,
568 2768 593 2815 in
606 2768 650 2816 hac
660 2785 737 2817 rerum
748 2769 890 2832 privatarum
901 2769 976 2815 consi·

95 2827 161 2887 lium,
173 2831 198 2879 in
211 2834 294 2880 eadem
312 2834 404 2895 requies
421 2835 492 2896 plena
503 2835 665 2882 oblectationis
676 2837 728 2884 suit.
762 2837 896 2897 Nunquam
909 2836 976 2883 illum

94 2908 125 2941 ne
137 2897 236 2946 minima
245 2899 340 2961 quidem
352 2917 376 2947 re
388 2900 483 2958 offendi,
493 2902 555 2962 quod
567 2902 662 2963 quidem
675 2904 805 2950 senserim:
825 2902 884 2950 nihil
896 2903 976 2950 aud1vi

93 2973 125 3006 ex
142 2978 171 3009 eo
188 2963 246 3025 ipse,
259 2966 322 3026 quod
340 2969 435 3015 nollem.
471 2969 527 3016 Una
546 2969 632 3016 domus
655 2978 710 3027 erat,
723 2971 786 3018 idem
805 2970 890 3027 victus,
908 2971 975 3031 isque

91 3031 244 3102 eommunis3
261 3047 340 3096 neque
352 3035 429 3081 solum
438 3034 530 3091 militia,
539 3036 580 3082 sed
592 3037 663 3093 etiam
672 3036 871 3098 peregrinationes
881 3036 976 3085 rustica-

81 3098 213 3164 tionesque
223 3118 379 3152 communes.
407 3101 479 3152 Nam
487 3102 547 3165 quid
555 3119 600 3162 ego
609 3103 731 3149 hc-stnh'hs
738 3103 817 3148 dicam
823 3103 979 3157 cognoscendi

69 3177 174 3234 semper
185 3172 294 3240 aliquid,
307 3181 385 3237 atque
397 3170 519 3228 discendi,
529 3169 560 3215 ‘m
570 3169 669 3230 qulbus,
677 3168 765 3213 remota
774 3167 805 3209 ab
816 3165 893 3208 hethas
904 3165 997 3221 pasch,
