2054 3946
83 200 120 252 gg
393 190 442 236 os
469 190 653 237 correus.

82 303 130 359 nio
145 302 331 377 praestantior,
345 300 435 376 gloria
449 300 560 357 virtutis
574 316 725 371 rerumque
731 306 885 374 'gestarum
898 316 906 355 τ
920 298 960 355 cui

82 381 214 437 dedecori
229 399 304 447 esse,
320 379 399 437 nefas
413 400 444 437 es
460 381 580 455 impium
592 378 780 455 judicandum
795 389 849 435 est.

83 509 173 566 OAP.
189 509 329 566 XXXIV.
372 507 553 585 Disperibus
568 508 704 565 aetutibare
719 514 747 565 et
761 506 889 565 (liversis
903 524 964 565 cun·

163 587 326 646 ditionibus
341 588 401 646 recia
416 588 516 646 eudem
530 588 624 665 <afficio
638 586 797 645 tribuenda
810 604 883 644 esse.

122 699 170 756 Ee
185 700 318 770 quoniam
341 699 436 755 ollieia
457 718 513 756 non
535 697 633 755 eadem
656 698 818 774 disparibus
839 696 963 754 retutibus

82 780 252 847 tribuuntur,
268 778 379 850 aliaque
402 790 468 835 sunt
484 780 634 854 juvenum,
650 779 706 834 alia
721 778 897 835 seniorum:
918 776 964 833 sli-

83 858 153 931 quid
173 860 257 914 etiam
286 858 321 914 dc
346 858 398 915 bac
427 858 609 915 distinctione
636 856 789 914 dicendum
818 866 872 913 est.
913 856 965 913 Est

83 939 168 1015 igitur
191 938 390 1003 adolescentie,
414 939 536 1014 majores
565 947 631 993 natu
657 938 777 1004 rerem*
800 954 895 1007 exque
920 934 964 991 bis

83 1018 207 1093 deligere
233 1019 357 1092 optimos
381 1030 409 1073 et
430 1017 673 1093 probatissimos,†
699 1035 821 1089 quorum
846 1013 965 1072 consilio
998 1056 1001 1061 -

83 1108 168 1169 atque
181 1098 344 1153 auctoritate
360 1097 472 1153 nitatur.
514 1097 643 1154 ineuntis
658 1097 734 1153 enim
750 1096 841 1152 aetatis
856 1093 966 1152 inscitia

83 1195 185 1233 senum
198 1176 395 1233 constituenda
406 1188 434 1233 et
448 1177 571 1252 regenda
579 1174 730 1251 prudentia
741 1185 793 1232 est.
837 1174 965 1232 Maxime

84 1267 177 1312 autem
192 1257 254 1312 haec
268 1268 334 1312 retas
345 1277 361 1312 a
371 1257 537 1313 libidinibus
550 1254 671 1312 arcenda
684 1265 737 1321 est,
751 1252 965 1327 exercendaque

84 1336 223 1392 inlabere
245 1337 436 1410 patientiaque
451 1346 479 1393 et
493 1336 590 1401 animi,
607 1346 635 1390 et
656 1335 801 1411 corporis3
824 1344 966 1392 uteorum

84 1417 156 1472 etin
171 1415 291 1480 bellicis,
307 1415 336 1472 in
351 1416 482 1472 civilibus
504 1415 606 1472 officiis
620 1415 715 1490 vigeat
728 1414 878 1471 industria.
920 1414 967 1471 Ar-

84 1514 140 1568 que
162 1496 247 1552 etiarn
262 1514 327 1552 curn
348 1496 474 1552 relaxare
496 1496 607 1551 animos
622 1505 650 1550 ct
666 1493 733 1550 dare
747 1514 778 1551 se
795 1492 966 1569 jucunditati

84 1576 190 1642 volent,
211 1585 328 1632 caveant
349 1576 606 1650 intemperantiam,
632 1574 814 1631 meminerint
834 1592 967 1631 verecun-

84 1655 159 1712 diae:
182 1653 259 1727 quod
274 1655 327 1711 erit
346 1654 468 1720 facilius,
483 1655 508 1711 si
530 1655 560 1710 in
580 1652 722 1729 ejusmodi
744 1652 862 1725 quidem
886 1654 965 1711 rebus

85 1735 208 1809 majores
223 1745 289 1791 natu
305 1735 442 1790 interesse
458 1735 555 1791 velint.

126 1814 248 1870 Senibus
270 1824 364 1870 autern
378 1813 489 1870 labores
511 1815 638 1889 corporis
661 1812 817 1881 minuendi,
833 1812 958 1869 exercita

85 1893 178 1949 tiones
203 1893 291 1949 animi
312 1894 396 1948 etiam
423 1893 575 1968 augeudmss
594 1893 733 1949 videntur.
776 1892 880 1949 Danda
904 1908 967 1949 veru

85 1991 182 2047 opera,
204 1982 283 2028 utet
306 1973 424 2039 amicos,
444 1984 472 2029 et
492 1974 682 2050 juventutem,
702 1983 730 2028 ct
748 1973 876 2029 maxime
898 1988 967 2027 reur-

86 2052 228 2127 publicam
251 2053 372 2108 consilio
393 2062 422 2109 et
442 2053 591 2128 prudentia
609 2072 693 2125 quarn
714 2051 872 2128 plurimum
893 2049 968 2127 adju·

87 2142 163 2187 vent.
212 2131 293 2188 Nihil
322 2142 414 2187 autem
444 2134 534 2206 magis
562 2132 719 2189 cavendum
747 2141 791 2187 est
818 2128 967 2197 senectuti,

87 2230 172 2282 quam
187 2229 221 2267 ne
236 2211 365 2287 languori
380 2231 410 2268 se
430 2211 603 2283 desidiaeque
626 2211 717 2268 dedut.
760 2211 890 2268 Luxuria
904 2228 969 2267 veru

87 2309 152 2346 cum
174 2291 252 2347 omni
273 2294 347 2348 aetati
369 2292 469 2367 turpiS,
492 2303 551 2348 tum
572 2293 710 2348 senectuti
732 2290 892 2347 foedissime
917 2299 968 2346 est.

87 2369 141 2428 sin
168 2381 261 2427 autern
282 2371 433 2428 libidinum
455 2373 539 2428 etiam
561 2371 779 2446 intemperantia
807 2368 969 2437 accesserit,

383 2528 535 2573 ClIAl'TElt
553 2529 669 2573 XXXIV.

121 2616 134 2645 ¹
148 2612 236 2657 Vereri.
278 2610 390 2653 Adiciebat
400 2612 588 2665 πολιοκροτάφιιυς.
598 2612 663 2656 εἴκειν
672 2612 694 2655 δὲ
705 2614 805 2666 γέρουσιν

161 2665 164 2671 “
277 2660 355 2711 'Belem
364 2662 398 2701 rui
409 2663 491 2713 γεράων
500 2664 592 2704 πάντων·
608 2667 667 2714 peren
677 2663 694 2705 δ’
704 2662 826 2704 ἀτάλαντον

277 2708 380 2761 Heledus
390 2709 479 2759 ὁμήλικα
488 2716 574 2763 πατρός,
585 2711 642 2758 ἴσαις
652 2715 737 2764 τιμαῖσι
745 2713 842 2814 ὔῖἷιοαοιῧῖ.
855 2772 870 2801 v
886 2758 932 2803 2⁰7

119 2832 335 2887 stramentum.
366 2831 441 2875 Tacit.
452 2831 477 2874 in
490 2833 581 2883 Dialoq.
592 2834 626 2876 De
638 2834 778 2878 Oratoribus.
813 2834 827 2857 “
838 2831 912 2887 Apud
924 2840 972 2875 mu·

97 2898 148 2929 ores
160 2890 258 2937 nostros,
268 2884 365 2939 ¹terrenis
377 2884 416 2928 ille
431 2885 471 2946 qui
485 2886 534 2928 foro
547 2891 571 2929 et
582 2888 722 2940 eloquentiae
735 2886 862 2941 parabatur
873 2885 973 2929 deduce·

117 2944 154 2981 tur
162 2951 177 2981 e
189 2943 254 2993 patre
266 2939 303 2981 vel
316 2939 457 2993 propinquis
465 2939 494 2981 orl
508 2952 563 2982 eum
575 2942 736 2994 oratoremqut
748 2940 884 2994 principem
893 2940 972 2983 locum

87 2991 216 3035 incivitate
231 2992 332 3036 tenebat.
367 2994 439 3035 Hunc
455 2992 546 3041 secturi,
560 2993 623 3035 bunc
640 2994 757 3048 prosequi,
769 2993 845 3048 liujus
862 2991 973 3035 omnibus

87 3044 229 3089 dictionibus
240 3046 360 3095 interesse,
369 3050 440 3099 atque
449 3047 483 3088 sio
492 3046 600 3090 ‹lixorint
609 3058 715 3099 pugnare
724 3046 748 3090 in
759 3048 846 3101 praelio,
857 3042 971 3088 discere.”

87 3098 165 3155 “lMos
177 3102 227 3140 eret
239 3100 319 3142 Romre
331 3104 358 3142 ut
370 3104 480 3153 parentes
492 3099 553 3142 tilios
570 3099 730 3142 sordescentes
742 3102 811 3144 riticui
823 3099 874 3142 viro
887 3098 972 3153 prima·

80 3160 118 3191 tro
129 3151 331 3199 commendarent,
343 3165 373 3196 ex
392 3151 463 3206 cujus
480 3152 654 3196 consuetudine.
671 3153 835 3205 proficerent”
871 3149 971 3197 umere

105 3203 271 3257 Mugendoe.
308 3207 383 3256 Βουλῆ
392 3206 431 3249 καὶ
442 3206 536 3259 μῦθοισι,
546 3210 571 3247 rb
583 3206 617 3246 uui
627 3205 693 3258 piper
701 3205 872 3255 tempestiuus.
901 3205 974 3247 Rom.

67 3288 80 3352 l
