2054 3946
323 366 410 541 lm.
427 493 462 537 11.
495 492 701 537 caaxvrrr.
901 498 954 550 tto

68 618 165 676 GAP·
180 616 292 676 XVIII·
318 615 398 687 Quid
411 617 451 674 ait
465 617 497 674 iro
511 617 699 695 beneficentia
720 616 955 674 obseruandum:

109 716 177 834 pua
191 697 231 755 rit
244 696 393 755 honestior
406 695 588 755 liberalitas.-
611 705 684 754 recte
696 695 815 754 lautiori
828 696 957 773 diespite-

123 777 235 836 iratae.

110 890 147 949 In
162 891 211 947 illo
224 900 318 946 autem
330 890 418 946 altero
432 908 535 965 genere
549 889 697 965 largiendi,
714 889 791 961 quod
806 910 822 945 a
835 890 956 946 liberali·

71 982 127 1027 tate
147 968 345 1045 proficiscitur,
362 986 419 1025 non
443 987 500 1025 uno
522 968 607 1025 modo
629 969 657 1025 in
679 968 838 1045 disparibus
862 970 956 1025 causis

72 1048 168 1107 affecti
181 1067 245 1105 esse
260 1047 425 1104 debemus*
468 1048 532 1104 Alia
545 1067 630 1104 causa
644 1059 687 1103 est
702 1049 763 1124 ejus
779 1050 827 1119 qni
843 1050 956 1104 calami-

73 1138 127 1184 tate
146 1129 293 1204 premitur,
308 1138 336 1183 et
350 1127 412 1202 ejus
435 1127 548 1197 quires
570 1127 702 1183 meliores
724 1128 849 1199 qnaeritl
870 1128 955 1184 inillis

72 1208 131 1264 suis
146 1208 231 1264 rebus
246 1206 382 1263 adversis.
425 1206 601 1281 Propensior
621 1207 779 1280 benignitas
795 1225 858 1262 esse
873 1207 955 1263 debe-

72 1287 113 1343 'rit
138 1287 167 1343 in
190 1286 382 1350 calamitosos,
403 1286 457 1342 nisi
481 1286 552 1342 sorte
578 1296 660 1341 erunt
683 1285 761 1361 digni
786 1287 953 1343 calamitate.

47 1362 50 1367 ⁴
74 1366 104 1424 In
119 1365 155 1423 iis
170 1375 275 1432 tamen,
290 1365 337 1436 qui
352 1384 384 1420 se
399 1365 523 1440 adjuvari
540 1365 644 1430 volent,
661 1383 718 1421 non
732 1377 763 1421 ut
785 1386 818 1423 ne
842 1366 956 1441 alligan-

73 1457 126 1513 tur,
146 1444 197 1501 sed
219 1456 250 1501 ut
271 1444 399 1500 altiorem
421 1444 538 1519 gradum
560 1443 742 1511 adscendent,
757 1446 878 1501 restricti
896 1465 956 1502 om·

71 1526 140 1582 nitro
165 1543 229 1580 esse
257 1525 335 1580 nullo
362 1523 463 1595 modat
485 1523 641 1589 debemus;
670 1523 720 1580 sed
745 1526 772 1582 in
797 1524 955 1600 deligendis

71 1603 182 1662 idoneis
201 1602 342 1678 judicium
362 1614 391 1658 et
412 1602 587 1679 diligentiam
609 1603 752 1661 adhibere.
796 1605 870 1661 Nam
887 1623 955 1679 prae·

70 1680 145 1741 e'ere
160 1682 275 1741 Ennius
286 1702 293 1739 z

240 1776 371 1826 Beneficia
382 1777 444 1826 male
458 1778 541 1837 locata,
553 1779 677 1827 malefacta
688 1778 791 1827 arbitror.

108 1876 196 1946 Quod
211 1887 303 1934 autem
326 1879 460 1935 tributum
482 1889 526 1952 est
545 1879 620 1934 bono
643 1879 703 1933 viro
725 1888 752 1933 et
772 1886 860 1951 grato,
877 1877 955 1931 ineo

70 1977 137 2016 eum
160 1977 197 2014 ex
220 1959 283 2032 ipso
306 1958 411 2014 inactus
429 1968 481 2022 est,
498 1969 557 2013 tum
579 1958 663 2013 etiam
687 1975 723 2011 ex
744 1956 855 2011 ceteris.
898 1955 955 2011 're-

70 2039 200 2097 meritare
210 2038 286 2094 enim
296 2037 430 2111 remote‚§
446 2037 606 2111 gratissima
620 2047 664 2092 est
676 2035 846 2091 liberalitas:
864 2053 955 2105 eoque

69 2120 133 2175 e'am
150 2115 305 2174 studiosius
320 2117 449 2191 plerique
464 2115 587 2181 laudant,
604 2115 679 2188 quod
694 2115 799 2170 summi
815 2115 953 2190 cujusque

69 2197 182 2255 bonitas
194 2215 345 2253 commune
357 2195 516 2270 perfugium
529 2207 571 2251 est
583 2196 721 2251 omnium.
757 2194 859 2250 Danda
871 2194 956 2269 igitur

69 2295 158 2353 opera
172 2285 224 2341 est,
238 2286 269 2331 nt
288 2276 323 2331 iis
345 2275 491 2331 beneficiis
515 2294 599 2346 quam
622 2268 761 2350 plurimos
787 2274 953 2338 afficiamus,

70 2374 192 2428 quorum
219 2355 356 2410 memoria
376 2354 473 2410 liberis
498 2354 674 2430 posterisque
701 2353 843 2429 prodatur,
864 2365 895 2408 ut
919 2354 954 2409 iis

71 2435 201 2512 ingratisll
229 2452 292 2490 esse
317 2452 373 2490 non
394 2433 487 2489 liceat.
529 2433 638 2490 Omnes
660 2435 735 2489 enim
758 2434 954 2490 immemorem

386 2559 537 2603 CIIAPTER
555 2560 644 2603 XVIII.

105 2648 118 2677 ⁸
130 2643 210 2689 Altero
221 2643 451 2698 genere-ueremni.
483 2645 512 2687 In
525 2644 564 2687 the
577 2648 624 2688 two
635 2645 763 2701 preceding
775 2645 890 2700 chamere,
901 2657 956 2689 cau-

71 2698 134 2741 tinns
145 2697 237 2752 ngalnst
253 2696 395 2758 prodigalitp¹
407 2696 452 2740 lrad
464 2696 523 2739 been
541 2698 618 2750 given.
652 2699 704 2742 The
721 2706 817 2752 present
836 2703 906 2742 treats
924 2699 952 2741 of

72 2750 195 2804 liberatur.
229 2753 265 2812 ate¹
280 2749 314 2794 ibe
331 2748 479 2844 malesuasor
494 2750 528 2794 ibe
541 2751 644 2796 exerite
661 2751 689 2808 (ff
700 2752 744 2796 tbia
761 2752 838 2796 virtue
848 2764 913 2806 vitry,
925 2763 956 2796 ora

44 2846 47 2851 ,
72 2802 182 2860 different
191 2813 316 2853 oreumorta,
327 2803 346 2847 it
358 2803 428 2846 about
455 2813 544 2857 uppeur
555 2804 580 2847 tn
590 2815 604 2847 o
616 2804 723 2860 opereat
735 2815 845 2847 murrner.

104 2857 120 2913 †
131 2857 178 2901 Rea
187 2856 295 2901 meliores
306 2856 399 2910 quaro.
437 2856 539 2900 Scelesta
550 2857 651 2911 improbe
662 2857 696 2901 tta
708 2857 833 2902 constitum.

103 2914 115 2960 t
132 2909 239 2955 Omnino
250 2920 298 2954 ease
315 2910 382 2953 uutto
393 2910 468 2954 niodo.
503 2910 531 2952 ln
550 2923 623 2964 many
635 2912 702 2954 MSS.
715 2910 761 2953 and
773 2911 836 2964 early
849 2909 955 2961 editions,

70 2962 170 3007 aninmo
190 2962 246 3005 does
263 2967 306 3006 not
320 2974 416 3017 appear.
449 2962 573 3007 Faeciolati
590 2963 675 3007 Inserts
692 2963 717 3006 in
735 2963 765 3006 its
783 2965 856 3017 place,
868 2962 956 3007 animo.

71 3015 130 3061 This
142 3016 165 3060 J.
177 3017 203 3061 F.
216 3015 351 3069 Heusinger
368 3015 448 3058 thinks
465 3028 530 3059 more
546 3021 634 3060 remote
652 3017 712 3060 from
732 3016 770 3059 tlte
790 3021 841 3059 true
859 3016 955 3070 reading

71 3069 128 3112 than
146 3068 186 3112 the
203 3073 311 3123 present:
329 3068 380 3112 that
397 3069 436 3112 the
455 3081 518 3112 error
535 3081 599 3113 more
618 3069 731 3124 probably
748 3069 820 3112 anses
838 3069 896 3111 srorn
916 3068 955 3112 the

70 3122 154 3175 taking
166 3122 217 3165 into
229 3123 268 3165 the
279 3126 329 3166 text
340 3122 410 3166 utillo
420 3123 492 3175 modo,
501 3135 527 3165 as
536 3123 618 3175 agloss
626 3128 649 3165 to
661 3121 759 3167 narrrino
768 3133 816 3166 nort
828 3122 953 3171 debemus,-

71 3175 118 3219 snd
131 3175 183 3219 enat
194 3175 213 3219 it
225 3176 245 3218 is
257 3177 316 3218 safer
328 3179 352 3218 to
363 3175 428 3218 leave
439 3175 478 3218 the
491 3176 567 3220 whole
579 3175 741 3220 undIsturbed.

104 3228 274 3291 §Temeritate
285 3229 348 3272 enim
365 3230 464 3273 remota.
502 3229 578 3273 Wben
591 3229 689 3285 furuurs
706 3237 747 3272 ure
762 3226 885 3284 conferret
899 3227 957 3272 witi

70 3282 266 3327 dismmauutwn.
370 3294 373 3301 ¹

104 3334 113 3388 l
132 3335 161 3380 Ut
172 3334 201 3378 its
212 3335 325 3389 ingratis.
359 3336 373 3359 ‘⁶
381 3335 468 3379 Doceat
481 3334 544 3378 iltuit
555 3334 718 3389 grammatici,
730 3333 770 3379 boe
780 3345 858 3388 geniis
868 3345 956 3378 reinau-

69 3389 109 3433 m's
125 3387 249 3444 trifarium
266 3387 353 3449 efferri.
387 3390 442 3432 Nun
455 3387 509 3431 treet
526 3401 576 3432 esse
589 3388 692 3442 ingratIs.
727 3390 781 3432 Non
794 3387 847 3430 lieet
858 3401 907 3431 esse
921 3387 956 3430 io·

69 3446 155 3495 gratos.
189 3442 242 3486 Non
265 3442 318 3503 lieet
340 3453 391 3484 esse
414 3440 507 3495 ingrati.
541 3442 653 3486 Primum
678 3441 883 3496 elegantissimum
905 3443 955 3494 et,-

72 3494 415 3550 postremamuaraatmmn.”
449 3494 541 3538 Erasm.

499 3555 537 3610 tt
