2054 3946
418 616 498 662 cnr.
522 616 625 662 xxrv.
903 622 961 675 28³

69 722 157 789 aliquis
168 736 215 771 nos
225 722 293 773 Deus
303 738 333 771 ex
345 722 391 773 bae
407 723 533 773 bominum
545 724 678 787 frequentia
689 726 788 779 tolleret.
800 732 824 773 et
836 724 860 772 in
879 726 961 773 solitu-

68 790 128 840 dine
137 789 234 853 uspiam
245 790 376 849 collocaret,
387 798 458 854 atque
469 792 501 841 ibi
513 792 667 855 suppeditans
678 792 787 841 omnium
805 808 890 843 rernm,
903 808 962 854 quus

68 865 156 907 natura
165 856 290 917 desiderat,
301 858 471 907 abundaufiam
483 868 508 907 et
519 860 619 923 copiam,
631 859 736 907 hominia
751 859 850 906 omnino
862 859 962 921 crispici-

68 924 128 973 endi
138 931 280 988 potestatem
296 924 402 987 eriperet.
436 926 499 985 Quis
515 934 564 975 tam
581 934 644 974 esset
656 926 752 983 ferreus,
765 926 806 988 qni
824 942 876 973 anni
888 928 961 974 vitam

68 990 240 1107 feriretudpepaet,
262 990 349 1055 cuique
365 1008 416 1041 non
439 993 540 1041 auferret
559 992 664 1042 fructum
683 994 832 1057 voluptatum
853 994 960 1041 onnnum

69 1072 115 1107 sor
160 1074 176 1107 e

104 1124 197 1173 Varum
214 1141 271 1187 ergo
287 1125 346 1175 illud
363 1132 407 1184 ee,
424 1126 496 1189 quod,
507 1142 523 1175 a
533 1126 666 1175 Tarentino
683 1126 791 1190 Archyta
805 1127 845 1185 (ut
862 1128 959 1192 opinor)

69 1188 118 1241 diei
134 1192 239 1249 solitum,
250 1200 344 1241 nostros
360 1208 429 1241 senas
446 1210 630 1243 commemorare
647 1193 735 1251 audivi,
747 1196 776 1241 alr
794 1194 847 1241 aliie
864 1194 962 1243 emilius

69 1258 198 1309 auditum:
215 1258 267 1307 “si
278 1258 331 1323 quis
346 1259 372 1308 in
383 1261 471 1308 coelum
488 1260 655 1319 adscendisset,
667 1269 824 1322 naturamque
843 1262 927 1309 mnndi
938 1270 961 1309 et

69 1325 274 1391 pulchritudinem
281 1326 386 1375 siderum
397 1328 562 1391 perspexisset,
571 1328 696 1375 insuavem
708 1328 774 1375 illam
782 1328 961 1377 admirationem

69 1392 95 1441 ei
104 1392 162 1452 t‘ers,
174 1408 227 1457 qus
240 1393 415 1459 jucundissima
425 1392 516 1451 suisset,
530 1394 571 1459 [si]
585 1394 690 1457 aliquem
708 1394 748 1442 cui
766 1404 876 1452 narraret,
888 1396 962 1443 habu·

70 1458 152 1509 ineu*
186 1458 324 1509 Stenarum
338 1460 469 1510 solitarmm
487 1461 548 1510 nibil
565 1470 645 1519 amat3
662 1477 802 1523 semperque
818 1462 847 1509 ad
866 1462 960 1524 uliquod

70 1534 194 1589 tamquam
212 1526 386 1576 adminiculum
408 1527 539 1587 annititur3
564 1529 628 1592 quod
649 1528 674 1576 in
698 1527 843 1576 anriciseime
866 1544 961 1592 quoque

70 1592 237 1643 dulcissimum
248 1603 292 1644 est

103 1725 200 1777 XXIV.
216 1727 272 1785 Sed,
284 1744 340 1776 cum
358 1735 393 1776 tot
411 1727 487 1789 signis
505 1728 587 1777 eadem
605 1736 691 1776 natura
707 1728 816 1785 declaret,
828 1728 885 1790 quid
897 1729 961 1787 velit,

70 1793 189 1857 anquirat,
207 1810 236 1843 ae
252 1794 382 1853 desideret3
405 1796 595 1844 obsurdescimus
612 1804 700 1853 tamen,
721 1796 802 1842 nescio
823 1796 960 1857 ‹1u0m0e03

70 1874 117 1909 nec
128 1876 164 1919 aa,
175 1878 228 1925 qua
239 1863 269 1909 ab
280 1878 309 1909 ea
319 1878 451 1920 monemur,
463 1863 582 1911 audimus.
616 1862 662 1910 Est
672 1862 736 1910 enim
748 1862 828 1909 varius
839 1871 864 1910 et
881 1863 961 1911 multi·

70 1928 127 1991 plex
143 1942 203 1976 usus
217 1928 341 1987 amicitis3
361 1931 488 1991 multaque
504 1946 581 1977 eausa
600 1929 773 1992 suspicionum,
790 1928 960 1978 offensionum·

70 2010 118 2057 que
135 1994 239 2054 dantur;
256 2010 315 2058 quas
333 2006 386 2045 tum
404 1996 498 2054 evitare,
510 2004 562 2045 tum
581 1997 680 2055 elevare,
698 2005 748 2044 tum
761 1996 827 2055 ferre,
847 1997 960 2060 sapientis

105 2128 162 2177 Una
173 2127 213 2177 illa
224 2129 369 2178 sublevanda
380 2128 479 2178 ortensio
491 2137 533 2186 est,
543 2139 571 2179 ut
581 2138 605 2179 et
616 2130 705 2179 utilitas
716 2129 742 2178 iu
754 2130 858 2179 amicitia
870 2140 893 2179 ct
901 2132 960 2181 fides

70 2195 214 2244 retineatur:
231 2206 328 2245 namet
345 2197 457 2245 monendi
475 2197 545 2245 amici
562 2214 624 2261 sape
644 2206 744 2253 suntet
762 2199 918 2261 objurgandi,
936 2208 960 2247 et

70 2261 123 2311 baee
133 2261 271 2325 accipienda
282 2263 364 2321 amice,
375 2279 431 2312 eum
446 2266 558 2313 benevole
569 2266 638 2313 fiunt.
672 2264 728 2320 Sed,
740 2265 821 2313 nescio
833 2266 960 2328 quemodo,

71 2345 155 2378 verum
165 2338 208 2388 est,
220 2330 284 2392 quod
295 2329 322 2379 in
333 2338 347 2361 “
355 2330 464 2379 Andria'’
477 2330 600 2387 familiaris
613 2348 681 2380 meus
693 2332 766 2381 dicit:

236 2434 251 2457 “
261 2430 401 2487 Obsequium
411 2430 506 2485 amicos,
516 2430 602 2474 veritas
613 2430 699 2486 odium,
709 2432 796 2488 panw

71 2522 175 2571 Molesta
182 2520 275 2580 veritas,
282 2521 302 2570 si
314 2523 410 2585 quidem
421 2539 451 2571 ex
463 2538 492 2570 ea
503 2522 608 2570 nascitur
617 2523 699 2572 odium
709 2523 784 2586 (quod
794 2534 830 2573 est
839 2542 958 2575 vencnum

71 2588 209 2654 amicitim)
229 2590 271 2637 sed
286 2590 425 2651 obsequium
443 2592 519 2639 multe
536 2589 666 2649 molestius,
678 2592 749 2653 quod,
761 2593 865 2655 peccetis
882 2594 960 2642 indul·

71 2672 139 2717 gans,
159 2656 302 2720 precipitem
319 2656 423 2705 amicum
447 2656 500 2704 ferri
520 2655 585 2706 sinit.
619 2658 729 2706 Maxima
745 2668 825 2707 autem
844 2662 916 2721 culpa
932 2660 958 2707 in

71 2739 101 2771 ee
112 2731 155 2782 est,
166 2722 208 2784 qui
220 2731 244 2771 et
256 2723 377 2772 veritatem
388 2725 549 2787 adspematur,
560 2733 584 2772 et
596 2724 621 2772 in
633 2725 739 2773 fraudem
752 2725 865 2786 obsequio
877 2726 960 2788 impel-

71 2788 135 2839 litur.
170 2790 244 2838 Omni
256 2790 328 2851 igitur
339 2792 384 2839 hac
400 2792 425 2840 in
437 2808 462 2839 re
473 2791 583 2840 habenda
593 2792 653 2840 ratio
671 2800 695 2840 ct
706 2791 828 2852 diligentia
845 2800 880 2839 est
890 2807 896 2848 3
913 2791 959 2853 pri·

71 2869 147 2916 mum,
159 2863 187 2906 ut
198 2858 298 2905 monitio
310 2858 441 2917 acerbitate,
452 2858 537 2907 deinde
550 2858 681 2922 objurgatio
699 2858 851 2912 contumelia,
864 2865 956 2905 careat:

71 2924 98 2973 in
115 2925 228 2988 obsequio
246 2932 326 2973 autem
341 2925 465 2988 (quoniam
484 2926 630 2974 Terentiano
642 2927 711 2972 verbo
729 2925 836 2972 lubanter
853 2924 955 2989 utimur)

71 2991 171 3040 comitas
190 2992 264 3040 adsit:
288 2993 422 3048 assentatio,
440 2992 552 3041 vitiorum
575 2990 685 3054 edJutrix,
703 2991 785 3053 procul
804 2999 957 3047 amoveatur3

72 3074 125 3121 qus
145 3075 195 3107 nen
215 3058 285 3106 medo
303 3059 386 3116 amico,
398 3059 440 3106 sed
457 3074 488 3107 ne
508 3059 579 3108 libero
597 3056 701 3118 quidem,
713 3058 787 3118 digna
804 3066 847 3106 cst.
881 3057 958 3105 Aliter

71 3125 137 3173 enim
149 3142 204 3173 cum
216 3133 324 3187 tyranno,
337 3125 403 3173 aliter
414 3142 470 3173 oum
481 3126 565 3182 arnico,
577 3123 671 3172 vivitur.

107 3190 186 3255 Cujus
198 3200 278 3239 autem
296 3208 364 3240 aures
375 3193 467 3241 veritati
479 3195 564 3242 clausas
581 3198 644 3248 sunt,
656 3198 684 3239 ut.
695 3191 724 3238 ab
736 3190 812 3239 amico
824 3207 905 3238 venne
917 3206 958 3239 au·

72 3257 122 3306 dire
133 3266 242 3320 nequeat,
254 3259 327 3323 hujus
344 3260 408 3307 salus
425 3260 571 3323 desperanda
582 3267 624 3307 est.
658 3257 751 3306 Scitum
769 3267 805 3306 ast
816 3275 882 3306 emm
899 3257 957 3305 illud

74 3324 181 3381 Catenis,
193 3333 217 3373 et
228 3328 310 3384 multa,
322 3326 433 3374 “Melius
445 3327 474 3375 de
490 3327 631 3390 quibusdem
641 3326 735 3373 acerbos
746 3325 855 3373 inimicos
867 3324 957 3382 mereri,

73 3408 146 3454 quam
164 3408 204 3440 eos
221 3393 310 3442 amicos
321 3394 363 3455 qui
380 3394 461 3442 dulces
473 3394 611 3443 videantur:
629 3393 682 3440 illes
694 3408 775 3440 verum
795 3408 856 3455 saepe
874 3393 957 3448 dicere,

73 3458 118 3507 hos
128 3459 278 3521 nunquam.'’
312 3461 393 3523 Atque
401 3461 460 3509 illud
472 3463 601 3510 absurdum
608 3468 651 3518 est,
661 3460 724 3521 quod
736 3459 760 3516 ii,
770 3458 811 3521 qui
823 3467 957 3515 monentur,

68 3540 123 3573 aem
139 3527 281 3588 molestiam,
293 3544 366 3593 quam
383 3528 472 3579 debent
487 3545 578 3595 capere,
587 3542 638 3577 uon
654 3526 768 3590 capiunt;
785 3543 838 3575 eam
853 3526 958 3591 capiunt·
