2054 3946
99 204 155 260 274
403 198 451 242 ou
475 196 670 243 amictura.

130 307 153 355 0
164 306 297 370 preclaram
308 305 465 369 sapientiam!
499 305 579 354 Solem
596 304 662 354 enim
673 320 687 352 c
699 303 790 352 mundo
808 309 891 354 tollere
902 304 978 353 videa

97 382 142 431 tur,
159 373 201 436 qui
218 372 346 420 amicitiam
358 389 373 420 e
383 373 432 420 vita
448 375 547 432 tollunt3
564 388 612 434 qua
629 390 644 420 a
660 372 714 420 Diis
730 371 906 421 immortalibus
922 372 978 420 nihil

98 440 183 489 melius
193 441 316 498 habemus,
327 439 387 488 rrilril
402 440 542 503 jucundius.
575 439 637 498 Qua
652 447 688 487 eet
704 437 770 487 enim
786 438 834 486 ista
851 439 976 487 securitas!

98 507 176 570 epecie
187 506 290 569 quidam,
299 508 392 564 blanda,
402 507 443 554 eed
455 522 536 569 reapse
547 506 629 554 multia
641 505 701 555 lucia
708 505 862 567 repudienda.
896 506 979 568 Neque

98 574 161 622 enim
173 583 209 622 eet
220 582 414 665 mosomensem,
427 575 501 622 ullam
512 573 636 621 honestam
647 588 698 621 mm
709 571 867 632 uctierremte,
880 588 912 620 ue
922 572 980 621 eolli-

98 641 159 689 eitae
179 641 219 695 eie,
231 647 273 688 aut
290 656 340 688 uon
357 640 483 703 suscipere,
501 648 544 688 aut
560 648 694 703 susceptam
711 639 840 701 deponere.
875 640 946 698 Quod
962 639 981 687 ei

97 722 178 756 euram
189 706 302 768 sugimus,
314 708 389 755 virtus
401 707 515 768 fugienda
529 713 583 765 eat;
598 722 658 769 que,
669 721 767 754 necem
780 713 825 762 tet,
837 722 895 754 oum
906 706 981 768 aliqua

97 789 161 832 cara,
173 790 210 822 ree
222 772 266 821 eibi
277 774 406 822 mattarios
424 775 579 837 edepemetur
590 782 661 836 atque
678 773 769 830 aderit3
785 780 814 820 at
825 773 920 820 bouitas
936 789 981 821 ma·

98 841 180 898 litiam,
197 840 353 902 temperantia
369 841 499 897 libidinem,
516 840 635 901 ignaviam
649 839 768 887 fortitudo.
802 839 888 901 Itaque
906 839 982 888 videas

98 909 167 956 rebus
178 907 274 971 injustia
288 909 366 971 justae
383 907 487 956 mraxime
504 907 590 964 dolere,
600 906 759 955 imbecillibus
770 904 850 964 sona,
862 906 982 967 dagitioaia

97 975 223 1022 modestos.
258 973 324 1034 Ergo
335 975 380 1022 hoc
397 975 518 1037 proprium
530 980 566 1022 est
577 973 652 1022 enimi
663 975 723 1021 bene
734 972 867 1030 maatituti,
878 980 904 1021 et
914 973 982 1021 lateri

98 1040 166 1088 bonis
178 1043 256 1099 rebus,
266 1049 290 1089 et
301 1041 380 1089 dolere
390 1041 521 1089 contrariis.

132 1107 301 1166 Quamobrem,
316 1107 336 1156 ei
354 1107 418 1156 eadit
435 1108 461 1155 in
482 1107 614 1170 sapientem
631 1105 705 1154 anirni
721 1107 795 1164 dolor,
810 1105 865 1168 (qui
882 1106 983 1169 prolecto

98 1174 337 1238 caritatemque
354 1174 435 1222 animo
452 1175 606 1237 exstirpatam
626 1173 798 1221 humanitatem
816 1174 956 1222 arbitremur
962 1176 980 1239 ς)

97 1256 150 1302 que
162 1249 287 1298 causaest,
299 1257 342 1290 our
358 1241 485 1289 amicitiam
497 1241 606 1289 funditus
623 1241 734 1288 tollemus
744 1255 758 1286 e
769 1240 824 1297 rita,
836 1255 869 1287 ue
886 1241 983 1303 aliquas,

99 1315 193 1370 propter
208 1325 269 1362 eam,
280 1308 439 1371 suscipiamus
458 1307 597 1356 molestiasl
632 1306 699 1366 Quid
716 1306 782 1354 euim
798 1307 904 1365 intereat,
917 1317 982 1356 motu

97 1374 173 1422 animi
190 1377 288 1432 ublato,
301 1390 350 1423 non
368 1375 423 1423 dico
432 1375 494 1422 inter
510 1374 632 1422 bominem
644 1383 668 1421 et
679 1375 805 1436 peardem,
814 1374 855 1421 aed
871 1374 934 1422 intur
943 1375 984 1422 ho-

98 1440 188 1490 minem
211 1451 235 1490 et
256 1457 350 1500 earum,
372 1450 415 1490 aut
426 1448 544 1498 truncum,
565 1448 607 1488 aut
625 1439 720 1502 quidvis
739 1440 835 1501 gemrie
854 1441 982 1504 ejredem‘l

98 1505 188 1570 Neque
197 1508 262 1557 caim
274 1516 331 1556 eunt
342 1509 381 1557 ieti
398 1508 518 1566 audienti,
530 1507 572 1570 qui
583 1506 695 1555 virtutem
711 1507 795 1555 duram
814 1514 838 1555 et
855 1508 924 1570 quasi
941 1507 985 1556 ser·

99 1588 163 1622 ream
181 1592 232 1624 esee
244 1576 342 1624 volunt:
360 1591 414 1638 qua
431 1574 528 1637 quidem
543 1582 586 1632 cet,
599 1589 655 1622 cum
673 1573 755 1622 multis
765 1573 792 1622 in
804 1576 883 1631 rebus,
896 1582 947 1622 tum
958 1575 996 1623 in¹

99 1641 209 1701 amicitia,
222 1651 301 1690 tenera
319 1650 390 1705 atque
402 1641 544 1700 tractabilis;
561 1648 624 1690 utet
641 1641 711 1689 bonis
728 1640 799 1689 amici
810 1641 880 1704 quasi
897 1639 984 1690 diffun-

98 1707 192 1767 dantur,
204 1717 228 1757 et
238 1709 395 1757 incommodis
406 1708 584 1757 contrahantur.
617 1707 778 1766 Quamobrem
794 1723 869 1768 angar
880 1709 932 1766 ieta,
943 1708 983 1771 qui

99 1789 141 1836 pro
158 1776 236 1824 amico
252 1792 314 1839 sape
330 1775 460 1838 capiendus
477 1783 519 1832 est,
536 1791 587 1822 non
603 1781 698 1822 tantum
709 1775 778 1832 valet,
790 1782 818 1822 ut
835 1777 901 1824 tollat
913 1791 927 1823 e
938 1775 983 1822 vita

99 1842 242 1902 amicitiam3
260 1858 309 1892 non
326 1844 387 1906 plue
405 1858 477 1905 quam
494 1850 522 1890 ut
531 1841 637 1900 virtum
655 1841 712 1904 quia
729 1842 861 1890 nonnullae
877 1858 947 1891 curas
961 1848 983 1890 et

99 1910 218 1958 molestiae
230 1910 339 1968 afferunt,
350 1909 512 1973 repudientur.

131 2042 201 2090 xlv.
219 2043 283 2092 Cam
296 2051 375 2092 autam
394 2043 517 2091 contrahet
529 2043 664 2099 amicitiam,
680 2044 719 2105 (ut
736 2058 808 2105 supra
819 2042 891 2109 dixi)
905 2043 984 2105 siqua

99 2109 241 2167 significatio
252 2111 345 2158 virtutis
362 2113 460 2167 eluceat,
473 2111 502 2158 ad
515 2126 586 2172 quam
598 2126 623 2157 ee
636 2109 721 2157 eimilie
733 2109 828 2158 animus
840 2111 949 2172 applicet,
961 2118 983 2158 et

99 2175 228 2238 adjungam
245 2177 269 2224 id
286 2194 342 2225 cum
361 2177 485 2236 contingit,
497 2192 562 2224 amor
581 2177 707 2233 eradatur,
725 2192 822 2224 necesse
840 2185 884 2224 est.
919 2177 984 2236 Quid

98 2242 164 2288 enim
176 2251 223 2290 tam
242 2245 377 2301 absurdum,
389 2260 461 2304 quam
473 2243 582 2292 delectari
594 2243 675 2291 multis
692 2243 805 2291 inanibus
815 2245 893 2300 rebus,
905 2251 933 2291 at
943 2244 984 2291 ho·

99 2324 164 2366 nore,
176 2319 203 2357 ut
220 2310 301 2369 gloria,
319 2318 345 2357 ut
362 2310 467 2366 aedilicio,
480 2319 507 2358 ut
524 2311 618 2367 vestitu,
636 2311 750 2372 cultuque
767 2310 887 2372 corporis;
904 2310 985 2357 animo

99 2383 179 2423 autom
192 2376 276 2424 virtute
293 2377 396 2439 predita,
408 2393 443 2433 eo,
456 2377 498 2438 qni
514 2378 551 2424 vel
567 2393 652 2429 amaro,
664 2378 701 2425 vel
716 2376 755 2437 (ut
771 2376 805 2424 ita
816 2377 907 2442 dicam)
921 2377 982 2424 reda·

98 2457 164 2489 mare
174 2443 255 2505 possit,
267 2459 317 2490 nan
328 2444 457 2491 admodum
471 2444 597 2491 delectarit
633 2444 703 2491 Nihil
713 2451 749 2490 est
765 2443 831 2490 enim
850 2459 984 2490 remunera-

36 2549 50 2577 .·
100 2509 164 2556 tione
185 2511 356 2568 benevolentia,
376 2510 436 2558 nihil
456 2510 620 2558 vicissitudine
643 2512 775 2559 studiorum
797 2510 985 2572 officiorumque.

34 2582 39 2601 ³
102 2576 242 2638 jucundius.
338 2579 352 2590 ”

132 2642 204 2700 Quod
215 2644 235 2690 ai
247 2645 318 2692 etiam
337 2644 395 2692 illud
407 2644 523 2700 addimus,
535 2645 599 2706 quod
611 2651 672 2692 recte
684 2643 738 2691 addi
757 2651 841 2706 potest,
853 2642 913 2691 nihil
926 2659 985 2700 esee,

99 2709 161 2768 quod
173 2711 202 2756 ad
214 2727 240 2757 se
251 2727 300 2758 rem
312 2713 386 2759 ullam
398 2718 445 2758 tam
459 2711 545 2759 alliciat
557 2719 580 2759 ct
592 2720 640 2759 tam
658 2711 765 2767 attrahat,
777 2726 849 2771 quarn
863 2711 892 2757 ad
904 2710 984 2757 aorici·

97 2773 156 2822 tiam
174 2776 316 2832 similitud0;
334 2779 477 2824 concedetur
496 2778 606 2839 profecto,
619 2794 700 2825 veram
719 2793 776 2833 esse,
790 2786 817 2825 ut
834 2779 910 2824 banaa
929 2777 984 2823 boni

97 2840 204 2900 diligant,
216 2845 395 2906 adsciscantque
413 2845 464 2901 sibi,
476 2845 544 2906 quasi
562 2845 737 2907 propinquitate
754 2847 896 2907 conjunctos
914 2851 985 2904 atque

102 2915 189 2956 ratum.
223 2910 292 2958 Nihil
304 2919 339 2957 est
359 2911 423 2958 enim
436 2911 585 2973 appetentius
604 2911 718 2959 similium
730 2911 773 2968 aui,
787 2911 849 2958 nihil
867 2910 983 2973 rapaciust

102 2989 168 3034 paam
188 2984 280 3025 natura.
314 2978 475 3035 Quamobrem
493 2980 540 3025 hoc
556 2979 660 3039 quidem,
673 2979 752 3026 Fanni
764 2985 788 3025 et
800 2977 915 3034 Scaerola
928 2993 985 3024 cou-

97 3048 150 3098 stat
165 3040 204 3100 (ut
216 3043 312 3109 opinor)
326 3045 394 3091 bonis
410 3045 473 3091 inter
488 3047 563 3091 bonas
582 3046 650 3106 qnasi
669 3045 826 3092 necessariam
843 3046 984 3092 benevolen-

97 3107 153 3154 tiam
166 3124 232 3167 esse;
245 3111 286 3172 qui
298 3120 333 3158 ost
345 3111 453 3159 amicitie
465 3112 518 3158 sons
529 3129 543 3159 a
555 3122 640 3159 natura
656 3112 805 3160 constitutae.
840 3111 889 3159 Sed
900 3111 984 3158 eadem

87 3174 184 3225 bonitas
195 3178 269 3228 etiam
282 3179 315 3229 ad
327 3180 511 3245 multitudinem
520 3179 631 3244 pertinet.
656 3179 721 3226 blan
729 3186 766 3224 eat
774 3179 840 3224 euim
850 3177 984 3227 inhumana
