2054 3946
91 170 146 225 244
372 163 421 209 oa
448 164 686 212 sannorum

90 274 149 323 nihil
169 273 256 331 dicant
267 288 324 322 cum
342 272 382 321 alii
400 274 474 322 malos
491 273 613 334 scandant,
627 273 667 322 alii
685 290 726 338 per
743 272 808 322 foros
823 280 925 333 cursent,
936 274 972 324 aiii

89 342 210 389 sentinam
221 340 380 398 exhauriant3
399 340 438 388 ille
449 348 537 399 eutem,
549 343 642 390 clavum
660 348 753 396 tenens,
766 341 848 390 sedeat
864 341 891 390 in
903 342 974 407 puppi

90 410 192 470 quietus.
225 407 283 456 Non
303 407 361 456 facit
378 423 413 465 ea,
428 424 480 470 quo
495 409 613 473 juvenes:
631 416 656 457 at
674 424 730 457 vero
748 410 827 457 molto
847 411 937 474 majora
953 418 975 458 et

90 477 188 524 meliora
199 473 261 522 facit.
294 475 320 522 N
322 491 353 522 on
365 474 461 534 viribus,
473 484 515 524 aut
525 475 695 533 velocioribus,
707 483 749 524 aut
766 473 887 525 celeritate
897 492 975 541 corpo·

91 557 152 600 rum,
164 558 200 589 ros
212 557 304 602 magna
316 549 437 602 geruntur,
449 542 491 589 sed
503 542 609 601 consilio,
621 543 766 599 auctoritate,
778 543 916 602 sententia3
927 544 975 606 qui·

91 611 135 658 bus
146 624 196 657 non
208 608 278 656 modo
292 624 341 656 non
354 608 436 666 orbari,
450 609 491 657 sed
509 609 581 658 etiam
599 609 687 671 augeri,
697 619 809 658 senectus
821 611 889 659 solet
922 610 975 659 Nisi

91 676 149 724 forte
161 691 205 736 ego
217 675 290 734 vobis,
302 675 344 738 qui
355 683 379 723 et
390 675 465 734 miles,
477 684 501 724 et
512 679 629 734 tribunus,
640 685 665 724 et
676 678 776 738 legatus,
788 685 813 726 ct
824 678 917 736 consul,
929 693 976 725 ver·

90 751 157 791 satus
175 758 230 790 sum
246 743 271 790 in
293 742 358 790 vario
376 759 462 804 genere
480 744 603 801 bellorum,
623 759 715 792 cessare
734 760 802 793 nunc
820 744 906 802 videor,
922 759 976 793 cum

90 811 152 859 bella
164 825 212 857 non
230 825 294 871 gero.
328 809 362 858 At
373 810 474 867 senatui,
485 826 537 873 quae
550 819 606 859 sunt
622 811 731 872 gerenda,
743 811 876 874 proscribo,
887 820 912 860 et
921 827 978 874 quo·

90 877 177 926 modo:
196 875 345 937 Carthagini,
357 878 419 925 male
432 878 482 941 jam
494 877 536 925 diu
549 877 669 938 cogitanti,
681 879 771 926 bellum
783 881 862 927 multo
873 878 975 927 anterio

91 944 192 1001 nuntio;
209 944 238 992 de
250 960 299 1008 qua
309 943 383 992 vereri
395 960 444 992 non
456 952 511 992 ante
523 945 639 1004 desinam,
647 962 719 1008 quam
731 946 798 994 illam
809 945 916 994 excisam
927 960 978 994 esse

90 1026 232 1072 cognovero.

126 1079 207 1138 Quam
218 1080 323 1141 palmam
334 1077 428 1126 utinam
439 1077 481 1127 Dii
492 1077 637 1127 immortales
648 1077 698 1138 tibi,
711 1078 800 1143 Scipio,
813 1086 941 1139 reservent,
951 1086 978 1128 ut

91 1145 130 1194 ari
147 1145 258 1208 reliquias
275 1147 430 1208 persequare!
450 1146 520 1208 cujus
532 1162 546 1193 a
558 1154 632 1194 morte
649 1145 689 1193 hic
706 1145 791 1194 tertius
803 1153 827 1195 et
843 1146 977 1195 tricesimus

90 1220 128 1260 est
140 1229 232 1263 annus:
250 1213 292 1261 sed
309 1211 447 1261 memoriam
459 1212 523 1260 illius
534 1212 579 1260 viri
590 1213 712 1275 excipient
723 1228 808 1261 omnes
825 1213 885 1262 anni
897 1229 978 1262 conse·

92 1288 199 1342 quantos.
233 1280 307 1328 Anno
320 1286 375 1326 ante
388 1296 426 1327 me
438 1295 560 1328 censorem
572 1287 681 1329 mortuus
692 1287 735 1338 est,
743 1296 830 1329 novem
843 1280 915 1328 annis
927 1288 979 1344 post

91 1361 173 1395 mcum
185 1348 344 1404 consulatum,
356 1362 412 1394 cum
424 1347 509 1395 consul
526 1346 619 1406 iterum,
631 1364 669 1395 me
687 1348 793 1406 consule,
805 1355 899 1396 creatus
910 1355 978 1397 esset.

91 1412 162 1461 Num
181 1413 260 1474 igitur,
279 1413 346 1462 eiad
363 1414 521 1462 centesimum
540 1430 631 1462 annum
648 1414 753 1472 vixisset,
770 1415 904 1463 senectutis
923 1430 977 1464 eum

92 1494 141 1528 sure
165 1481 309 1543 poeniteret?
336 1495 382 1528 nec
401 1480 466 1528 enim
491 1481 639 1539 excursione,
657 1497 703 1529 nec
727 1483 797 1538 saltu,
815 1498 862 1529 nec
883 1481 979 1531 eminus

91 1545 175 1605 hastis,
187 1556 229 1596 nut
245 1546 381 1596 comminus
398 1546 483 1608 gladiis
501 1555 620 1606 uteretur3
637 1547 679 1596 sed
696 1548 804 1607 consilio,
815 1548 916 1607 ratione,
927 1563 979 1597 seu·

92 1613 183 1672 tontia;
200 1631 252 1677 quae
264 1614 311 1663 nisi
328 1622 408 1662 essent
419 1614 444 1662 in
464 1614 569 1673 senibus,
581 1630 631 1662 non
648 1630 772 1663 summum
791 1615 920 1664 consilium
931 1630 979 1664 ma·

96 1681 161 1744 joras
171 1681 245 1729 nostri
257 1683 414 1744 appellassent
426 1681 553 1731 Senatum
587 1681 660 1744 Apud
672 1681 868 1731 Lacedaemonios
875 1682 978 1746 quidem,

92 1747 110 1795 ii
121 1747 163 1810 qui
175 1748 349 1810 amplissimum
366 1748 530 1808 magistratum
551 1757 644 1809 gerunt,
656 1756 683 1797 ut
694 1757 758 1807 sunt,
771 1749 806 1797 sic
817 1749 889 1798 etiam
904 1748 978 1798 nomi·

92 1823 189 1872 nentur,
201 1831 278 1864 senes.
313 1816 385 1874 Quod
402 1815 422 1863 si
434 1817 511 1877 legere
529 1823 571 1863 aut
588 1815 670 1863 audire
681 1816 766 1864 voletis
784 1824 892 1874 externa,
904 1815 978 1865 maxi·

92 1896 145 1929 mas
161 1883 305 1945 respublicas
316 1885 345 1931 ab
356 1883 544 1932 adolescentibus
556 1882 687 1942 labefactas,
700 1899 714 1930 a
725 1883 823 1931 senibus
834 1891 978 1932 sustentatas

93 1948 123 1997 ed
134 1949 261 2007 restitutas,
272 1949 400 2013 reperietis.

132 2035 148 2058 ‘⁶
156 2031 225 2086 Cedo,
234 2031 274 2088 qul
287 2036 386 2076 vestram
397 2031 563 2088 rempublicam
574 2035 662 2076 tantam
673 2031 783 2076 amisistis
794 2035 843 2076 tam
853 2032 900 2076 cito
910 2031 937 2080 ?’'

93 2108 129 2156 sic
147 2108 212 2156 enim
230 2116 405 2170 percontantur,
417 2116 445 2157 ut
460 2119 497 2158 est
512 2109 539 2158 in
554 2109 633 2159 Navii
650 2113 727 2174 po’e'tae
744 2109 822 2159 Ludo,
857 2110 970 2175 Respond

93 2182 165 2224 entur
176 2183 200 2223 et
210 2175 264 2234 alia,
276 2185 299 2224 et
311 2176 361 2224 hac
373 2176 399 2224 in
411 2176 508 2239 primis:

207 2277 222 2300 “
230 2273 399 2318 Proveniebant
409 2278 510 2318 oratores
522 2274 586 2330 uovi,
596 2275 671 2330 stulti,
682 2275 876 2319 adolescentuli.”

93 2362 227 2413 Temeritas
239 2373 274 2411 est
286 2363 394 2413 videlicet
405 2364 512 2413 florentis
523 2366 604 2425 etatis,
617 2366 742 2430 prudentia
752 2367 908 2417 senescentis.

128 2498 184 2546 VII.
202 2497 236 2544 At
253 2498 367 2546 memoria
384 2499 507 2548 minuitur.
541 2498 627 2557 Credo,
639 2500 686 2548 nisi
703 2517 756 2548 eam
774 2518 894 2560 exerceas,
907 2501 979 2550 autsi

94 2564 127 2612 ais
140 2573 224 2612 natura
235 2564 327 2614 tardior.
360 2566 534 2615 Themistocles
546 2567 654 2614 omniurn
666 2567 753 2615 civium
766 2569 865 2617 nomina
872 2585 980 2632 percepe-

95 2639 146 2679 rat:
165 2648 225 2679 num
241 2631 314 2691 igitur
333 2634 513 2692 cometissam,
531 2650 586 2681 cum
605 2641 672 2681 mtatc
690 2635 849 2697 processisset,
861 2636 904 2699 qui
916 2637 980 2684 Aris·

96 2698 156 2747 tides
167 2705 236 2755 esset,
248 2698 420 2760 Lysimachum
438 2703 539 2749 salutare
557 2701 671 2749 solituml
708 2703 829 2764 Equidem
846 2720 897 2751 non
910 2705 980 2751 modo

95 2781 136 2813 eos
149 2765 204 2812 novi
217 2765 258 2826 qui
276 2774 340 2824 sunt,
352 2767 394 2814 sed
404 2784 485 2816 eorum
496 2775 575 2830 patres
593 2768 671 2826 etiam,
684 2779 707 2817 et
719 2786 791 2816 avos:
810 2786 861 2827 nec,
874 2772 979 2833 sepulcra

96 2832 185 2892 legens,
197 2849 278 2880 vereor
292 2831 368 2894 (quod
380 2835 459 2898 aiunt)
474 2851 504 2882 ne
517 2835 655 2883 memoriam
667 2837 778 2899 perdam:
796 2836 835 2885 hia
846 2838 913 2886 enirn
924 2838 978 2901 ipsis

96 2899 210 2959 legendis,
222 2900 291 2947 redeo
309 2900 334 2947 in
352 2902 489 2949 memoriam
507 2912 661 2950 mortuorum.
696 2904 750 2952 Nec
761 2919 816 2951 vcro
835 2921 979 2967 quemquam

96 2983 182 3014 senum
206 2965 285 3013 audivi
305 2968 411 3023 oblitum,
430 2985 478 3029 quo
496 2970 547 3016 loco
567 2970 706 3032 thesaurum
724 2971 848 3019 obruisset.
885 2972 981 3030 Omnia,

97 3048 149 3094 qua
168 3041 259 3087 curant,
272 3034 446 3093 meminerunt3
465 3036 598 3084 vadimonia
614 3038 757 3095 constituta;
775 3039 817 3100 qui
829 3039 882 3098 sibi,
894 3039 981 3103 quibus

56 3101 392 3320 quidiiiiiiiconsultil
415 3170 475 3238 quid
491 3169 636 3237 pont'dicreal
655 3169 714 3233 quid
720 3173 839 3230 nummosi
855 3173 913 3234 auid
930 3171 981 3237 phi·
