2054 3946
96 138 154 192 240
382 129 430 176 us
455 130 692 179 sensorum.

95 242 149 291 dem
162 241 194 290 ita
205 239 312 305 jucunda
323 239 397 305 hujus
408 239 460 289 libri
472 240 588 290 confectio
600 240 652 298 luit,
664 247 751 289 utnon
764 239 836 289 modo
848 255 932 289 omncs
943 240 979 289 ab·

95 309 198 357 eterscrit
204 309 331 356 senectutis
341 307 467 365 molestias,
476 309 517 357 sed
526 306 628 356 effecerit
636 309 729 355 mollem
738 306 809 355 etism
817 315 843 356 et
849 309 980 372 jucundam

95 383 249 424 senectutem.
283 373 417 436 Nunquam
428 375 502 435 igitur
518 374 576 423 satis
592 374 683 422 laudari
694 374 767 434 digne
779 375 866 436 peterit
880 376 979 437 pbiloso-

95 442 158 505 pbie,
166 442 205 490 cui
213 442 255 504 qui
263 450 348 502 pareat,
355 457 425 489 omne
433 450 528 505 tempus
539 442 613 489 {etatis
624 442 676 489 sine
684 440 791 489 molestia
804 442 880 504 possit
891 442 980 503 degere.

95 509 143 557 Sed
154 510 184 557 de
195 507 283 556 ceteris
294 516 317 556 et
328 507 434 556 diximus
445 511 527 567 multa,
536 516 560 556 et
571 524 632 572 sepe
643 508 763 557 dicemus:
782 507 849 556 hunc
860 509 945 557 librum
953 509 981 557 ds

95 584 218 624 senectute
230 575 259 622 ad
271 583 294 621 te
306 574 422 623 misimus.
441 610 448 621 .

128 641 232 690 Omnem
253 649 333 690 autem
353 656 487 689 sermonem
506 640 638 700 tribuimus,
655 655 705 690 non
726 639 842 699 Tithono,
855 649 884 690 ut
902 640 982 691 Aristo

95 707 174 757 Chius
188 707 231 770 (ne
243 724 328 770 parurn
340 715 402 756 esset
413 707 558 757 auctoritatis
569 707 595 756 in
607 709 708 775 sabula),
720 710 761 757 sed
773 708 808 756 M.
822 708 913 756 Catoni
923 709 981 766 seni,

94 791 142 837 quo
154 775 267 838 majorem
286 775 448 823 auctoritatem
466 775 561 823 haberet
578 775 667 833 oratio;
685 776 748 838 apud
759 792 832 838 quem
845 775 947 824 Laelium
958 784 980 824 et

94 841 231 904 Scipionem
243 841 343 890 fecimus
356 841 505 898 admirantes,
513 843 576 904 quod
589 842 609 890 is
617 851 665 890 tem
677 843 745 891 facile
755 851 904 891 senectutem
917 844 981 901 seret,

94 908 170 971 iisque
187 924 243 956 eum
260 909 448 971 respondentem.
483 909 533 968 Qui
551 909 571 956 si
588 909 702 958 eruditius
720 910 836 958 videbitur
853 909 981 972 disputare,

94 991 166 1037 quam
177 976 300 1024 consuevit
311 975 361 1038 ipse
373 975 398 1023 in
410 976 461 1024 suis
472 974 544 1032 libris,
555 973 674 1025 attribuito
687 976 775 1025 Grecis
787 975 869 1034 literis,
881 992 982 1038 quarum

94 1049 186 1090 constet
197 1058 252 1090 curn
265 1043 440 1105 perstudiosum
458 1042 531 1091 fuisse
542 1043 567 1091 in
580 1051 708 1091 senectute.
742 1043 791 1091 Sed
803 1044 861 1105 quid
873 1059 935 1106 opus
946 1051 981 1091 est

94 1109 180 1171 plural
197 1110 247 1173 jam
260 1109 324 1157 enim
336 1109 411 1172 ipsius
423 1107 523 1157 Catonis
535 1125 611 1158 sermo
623 1109 749 1174 explicabit
766 1120 872 1159 nostram
885 1126 981 1158 omnem

93 1175 123 1224 de
134 1184 256 1224 senectute
268 1175 417 1226 sententiam.

126 1310 157 1359 ll.
176 1311 265 1376 Scipio.
298 1310 467 1374 Saepenumero
475 1309 584 1359 admirari
596 1313 660 1361 soleo
672 1327 728 1359 cum
736 1310 783 1359 hoc
795 1309 825 1359 0.
838 1310 921 1370 Laelio,
930 1320 980 1361 turn

93 1385 230 1426 ceterarum
247 1393 326 1425 rerum
343 1386 409 1425 tuam
427 1378 590 1436 excellentem,
603 1377 637 1427 M.
651 1377 719 1435 Cato,
731 1379 909 1441 perfectamque
920 1380 980 1443 sapi·

93 1444 189 1501 entiam,
202 1453 254 1492 turn
271 1446 308 1492 vel
325 1444 436 1502 monime,
448 1445 512 1507 quod
529 1460 655 1507 nunquam
672 1453 819 1493 senectutem
831 1445 872 1492 tibi
885 1462 979 1506 marem

93 1527 145 1559 esse
163 1511 292 1568 senserim3
311 1528 362 1573 que
383 1511 499 1574 plerisque
517 1511 613 1560 senibus
631 1512 666 1559 sic
683 1511 764 1559 odiosa
781 1519 824 1569 est,
836 1520 864 1560 ut
875 1529 938 1560 onus
954 1529 979 1561 se

94 1578 172 1626 AEtna
179 1579 273 1639 gratius
282 1578 362 1627 dicant
374 1579 496 1626 sustinere.
534 1576 604 1627 Calo.
638 1579 699 1626 Rem
710 1577 775 1627 haud
784 1595 842 1626 sone
851 1579 979 1638 difficilem,

94 1643 174 1708 Scipio
186 1655 210 1694 at
222 1646 287 1702 Laeli,
300 1644 408 1694 admirari
420 1644 541 1693 videmini.
575 1645 670 1704 Quibus
688 1645 753 1693 enim
771 1645 832 1693 nihil
844 1647 896 1708 opis
908 1647 978 1696 estin

93 1709 151 1774 ipsis
163 1713 192 1760 ed
204 1715 264 1760 bene
281 1715 395 1774 beateque
408 1712 543 1769 vivendum,
555 1711 585 1759 iis
602 1712 680 1760 omnis
697 1712 775 1773 gravis
795 1720 832 1760 est
848 1723 921 1762 retas:
939 1713 978 1776 qui

93 1785 172 1827 autern
184 1780 265 1828 omnic
276 1781 338 1827 bona
350 1796 364 1827 a
375 1796 400 1826 se
412 1777 470 1842 ipsis
482 1787 573 1841 petunt,
585 1778 614 1826 iis
626 1778 686 1828 nibil
703 1788 780 1842 potest
797 1782 890 1829 malum
899 1781 977 1838 videri,

92 1845 156 1906 quod
176 1854 263 1894 naturae
282 1846 410 1894 necessitas
428 1843 515 1894 afferat.
550 1846 607 1904 Quo
618 1845 643 1894 in
655 1862 741 1906 genere
753 1845 875 1908 inprimis
892 1858 928 1896 est
944 1864 977 1895 se·

92 1919 268 1974 coctusquam
286 1921 313 1961 ut
330 1913 497 1976 adipiscantur,
514 1929 597 1960 omnes
616 1921 712 1976 optent:
735 1913 845 1961 eamdem
866 1922 977 1965 accusant

93 1978 187 2040 adepti:
205 1987 271 2027 tenta
283 1987 319 2027 est
330 1978 491 2027 inconstantia
502 1978 614 2038 stultitias,
625 1987 696 2042 atque
707 1979 855 2043 perversitas.

125 2045 242 2107 Obrepere
252 2047 319 2093 aiunt
331 2063 382 2093 eam
391 2047 460 2094 citius
469 2063 540 2108 quarn
550 2053 680 2108 putassent.
714 2046 830 2103 Primum,
840 2047 894 2110 quis
901 2049 976 2109 coegit

92 2127 133 2158 eos
150 2111 235 2159 falsum
253 2113 353 2174 puterel
373 2113 413 2175 qui
425 2114 490 2161 enim
508 2113 578 2162 citius
595 2114 756 2161 adolescentie
774 2123 893 2172 senectus,
906 2131 975 2178 quam

92 2177 195 2241 pueritiae
219 2179 382 2234 adolescentia,
400 2181 504 2243 obrepitl
548 2179 648 2238 Deinde,
665 2181 706 2242 qul
724 2180 804 2228 minus
821 2183 901 2242 gravis
917 2189 976 2230 esset

92 2245 121 2293 iis
141 2255 258 2303 senectus,
271 2247 291 2295 si
303 2246 527 2306 octingentesimum
544 2262 635 2295 annum
655 2255 845 2309 agerent,qus1n
863 2248 975 2310 octogesi-

91 2327 158 2360 mum
168 2313 177 2360 l
212 2313 332 2361 Praeterita
343 2313 406 2361 enim
418 2323 481 2370 setas,
493 2314 601 2376 quamvis
613 2314 692 2375 longa,
701 2329 756 2362 curn
764 2315 904 2375 effluxisset,
912 2318 975 2365 nulls

90 2379 251 2428 consolatione
262 2382 407 2443 permulcere
418 2389 496 2444 posset
507 2383 604 2428 stultam
616 2389 768 2429 senectutem.

124 2445 249 2504 Quocirca,
262 2446 283 2494 si
304 2447 444 2510 sapientiam
460 2464 538 2495 meam
562 2448 671 2496 admirari
688 2447 775 2505 soletis,
799 2447 864 2511 (quae
885 2450 976 2499 utinum

89 2510 163 2573 dignu
174 2522 235 2560 essct
253 2513 364 2576 opinione
377 2524 459 2571 vestra,
472 2523 599 2576 nostroque
611 2514 752 2576 cognomine
762 2516 782 2581 l)
797 2514 824 2563 in
836 2517 881 2564 hoc
894 2533 976 2566 sumus

89 2579 214 2641 sapientes,
227 2582 289 2641 quod
299 2590 416 2639 naturam,
429 2580 542 2643 optimam
555 2582 647 2637 ducem,
660 2591 782 2643 tamquam
797 2581 886 2642 Deum,
898 2583 975 2646 sequi·

89 2660 149 2703 mur,
162 2647 230 2708 eique
242 2663 365 2709 paremus:
386 2665 465 2711 aqua,
478 2664 527 2696 non
539 2648 665 2697 verisimile
677 2657 719 2706 est,
732 2665 787 2696 curn
799 2657 888 2698 caeterae
900 2660 978 2714 partes

88 2713 162 2760 aetatis
179 2715 239 2761 bene
259 2714 379 2777 descripte
397 2716 452 2772 sint,
464 2723 597 2763 extremum
615 2725 702 2773 actum,
719 2723 841 2778 tamquam
862 2719 892 2765 ab
909 2715 976 2766 inerti

85 2787 164 2840 poeta,
176 2796 227 2828 esse
239 2783 382 2841 neglectum.
415 2783 462 2829 Sed
475 2791 553 2829 tamen
573 2798 669 2830 neeesse
681 2781 726 2830 fuit
737 2798 788 2830 esse
801 2783 891 2846 aliquid
903 2794 977 2833 extre·

87 2859 162 2904 mum,
174 2855 203 2904 et,
212 2856 333 2910 tamquam
344 2849 370 2896 in
383 2850 490 2896 arborum
504 2847 587 2905 baccis,
600 2857 711 2912 terraeque
719 2847 834 2910 frugibus,
843 2854 977 2901 maturitate

86 2914 227 2975 tempestiva
238 2914 305 2975 quasi
318 2915 408 2963 vietum
420 2924 444 2963 et
455 2917 587 2963 caducum:
605 2915 668 2978 quod
680 2915 805 2965 serendum
822 2916 859 2966 est
876 2920 977 2968 molliter

87 2979 195 3055 sapienti.
230 2981 296 3039 Quid
308 2982 373 3030 enirn
384 2991 421 3030 cst
438 2982 510 3041 aliud,
522 2982 648 3043 gigantum
666 2981 736 3032 modo
748 2983 835 3032 bellare
847 3001 905 3035 cum
916 2985 976 3044 Diis,

80 3058 130 3093 rrrsr
141 3056 234 3097 naturae
247 3065 387 3113 repugnem.

111 3114 215 3167 belbe.
237 3116 324 3184 Atqui,
338 3117 409 3179 Cato,
421 3115 583 3182 gratissimum
595 3115 665 3164 ndns
676 3114 717 3177 lut
725 3115 796 3164 etism
810 3133 851 3182 pm
864 3119 975 3184 Scipione

67 3266 86 3296 Ι
