2054 3946
90 200 146 255 124
399 194 447 239 nn
471 182 659 241 orriciis.

89 303 351 380 comprehenderet.
401 304 501 375 Itaque
529 303 638 360 vexatis
665 313 694 359 et
721 301 842 378 perditis
869 300 960 359 exterit

89 384 261 451 nationibus,
283 383 318 439 ad
345 384 511 459 exemplum
539 382 637 439 amissi
658 382 792 459 imperii*
821 382 924 457 portari
938 380 962 439 in

89 465 234 538 triumpho
259 462 434 525 Massilianil
456 462 590 528 vidimus,
613 472 641 519 et
665 480 702 518 ex
730 481 764 518 ea
787 462 857 518 urbe
882 462 963 517 trium·

89 544 181 620 phari,
198 543 258 598 sine
274 562 329 612 qua
344 562 488 615 nunquam
510 542 600 599 nostri
620 542 808 617 imperatores
822 558 862 599 ax
873 540 966 599 Trana·

91 623 195 698 alpinis
221 620 337 699 [hellis]
367 621 585 698 triumpharunt.
628 621 722 679 Multa
742 631 884 698 praeterea
903 632 968 693 trititi-¹

91 721 277 760 memorarem
298 701 405 758 nefaria
419 702 448 758 in
463 702 568 767 socios,
584 701 609 757 si
623 700 679 758 hoe
690 720 749 759 uno
765 700 922 773 quidquam
933 696 969 757 tul

92 780 212 837 vidisset
233 780 388 856 indignius.
430 780 499 838 Jure
515 781 600 856 igitur
614 780 777 855 plectimur.
821 778 893 837 Nisi
905 778 970 843 cuitu

92 861 247 919 multorum
276 861 416 935 impunita
443 861 552 917 seelera
578 861 754 928 tulissemus,
775 854 970 931 nunquamnd

95 960 183 996 uiiuiii
211 951 286 996 tanta
314 940 491 1014 pervenisset
513 941 648 997 licentia:
678 959 695 996 a
719 959 778 1013 quo
803 938 921 1012 quidem
938 934 973 1001 wi

95 1020 241 1154 familipiis
263 1017 297 1154 ld
312 1039 429 1095 paucos,
444 1020 629 1096 cupiditatum
651 1019 684 1077 ad
707 1020 815 1077 multos
838 1016 974 1095 improba

95 1111 173 1155 veuit
196 1119 264 1155 ieret
276 1110 337 1155 itae.

136 1179 199 1234 Ncc
216 1198 280 1235 vero
296 1198 420 1250 unquam
433 1179 572 1235 bellorum
585 1179 712 1236 civilium
727 1196 831 1235 semen
852 1186 883 1235 et
900 1192 977 1235 cauta

96 1256 195 1322 deerit,
210 1258 276 1313 diiiii
291 1258 422 1314 homines
448 1257 550 1333 perditi
571 1259 681 1315 hastam
701 1258 780 1315 illam
794 1268 941 1315 cruentam
953 1264 978 1313 ot
1003 1300 1008 1313 .

97 1337 288 1401 meminerint,
305 1348 332 1393 et
353 1338 515 1412 sperabunt.
558 1338 652 1404 Quam
675 1337 710 1395 Ρ.
733 1337 833 1411 Sulla‡
857 1356 924 1395 oum
943 1334 979 1391 vi·

96 1418 215 1483 brassct‚
232 1416 366 1473 dictatore
381 1417 543 1492 propinquo
558 1437 620 1482 suo,
636 1417 712 1473 idem
734 1428 819 1474 sexto
841 1416 979 1475 tricesimo

97 1516 171 1553 anno
192 1506 258 1572 post
279 1516 294 1552 a
312 1498 491 1553 sceleratiore
506 1497 587 1553 hasta
601 1516 658 1554 non
672 1496 800 1553 recessit.
846 1496 927 1555 Alter
939 1512 980 1553 au·
1016 1524 1019 1561 ι

97 1586 164 1643 tem,
181 1577 228 1648 qui
246 1577 273 1632 in
288 1576 337 1632 illa
348 1576 485 1633 dictatura
500 1578 592 1633 scriba
603 1577 702 1641 suerat,
714 1576 743 1632 in
757 1576 812 1632 hac
828 1576 884 1635 tuit
896 1594 980 1649 quiea·

96 1666 140 1714 tor
155 1657 304 1732 urbanus.§
346 1656 466 1728 Exque
487 1656 570 1713 debet
590 1656 720 1730 intelligi,
735 1656 841 1713 talibus
862 1654 981 1733 piminii!

97 1737 275 1812 propositis,ll
299 1754 454 1806 numquam
479 1735 607 1792 defutura
630 1736 705 1792 bella
727 1735 835 1793 civilia.
887 1735 981 1807 Itaque

97 1817 218 1891 parietes
234 1815 319 1872 modo
335 1816 411 1872 urbis
425 1825 500 1872 stant
514 1825 679 1882 ermonem,
695 1815 772 1887 iique
786 1815 846 1891 ipsi
862 1815 926 1892 jam
939 1832 981 1875 ex·

97 1974 143 2018 this
155 1975 284 2019 alteration.
318 1976 450 2019 Gronovius
467 1975 590 2029 interprete
601 1973 649 2037 jaas
666 1986 692 2037 aa
711 1974 854 2070 expressing
866 1975 981 2021 occasion-

98 2028 144 2080 ally
155 2039 187 2069 no
200 2040 263 2071 more
281 2029 339 2071 than
357 2029 396 2072 the
416 2034 474 2072 stata
493 2029 540 2070 and
552 2029 671 2071 condition
684 2041 707 2071 in
721 2040 743 2069 w
762 2028 799 2071 ich
812 2041 916 2084 persons
926 2040 981 2073 wera

99 2080 191 2136 placed.
225 2081 299 2129 Thus.
316 2084 377 2125 verr.
390 2082 421 2126 iii.
433 2083 454 2133 6,
466 2083 514 2125 “ut
524 2081 608 2125 eodem
625 2081 678 2137 jure
694 2085 775 2125 essent
788 2092 838 2136 quo
856 2082 980 2129 hamat

98 2136 180 2185 Agrai.
193 2133 224 2176 iii.
236 2136 257 2183 2,
268 2137 282 2158 ‘¹
292 2134 374 2179 Libora
385 2135 480 2178 meliore
491 2135 543 2190 jure
550 2139 608 2178 sunt
635 2147 689 2179 uam
699 2135 791 2178 serva.”
828 2136 858 2181 In
871 2138 982 2185 thanna

98 2186 148 2230 that
160 2187 198 2229 the
210 2199 339 2241 conqueror
351 2188 371 2230 is
383 2189 433 2231 said
445 2187 570 2250 dorejiirn
582 2192 624 2231 tot
640 2201 653 2231 a
665 2187 806 2243 conquered.
842 2190 922 2235 Caesar
930 2198 981 2245 titt!

98 2240 153 2337 pppe
165 2239 193 2282 be
204 2240 261 2292 said,
273 2240 393 2286 unii-ersus
401 2242 536 2297 prociundi
548 2252 596 2286 uite
607 2241 750 2286 summitatis
760 2241 826 2296 jnre
837 2242 981 2299 mmmm

131 2345 257 2407 *Imperia
292 2347 325 2390 As
338 2359 368 2409 an
380 2346 456 2402 image
472 2349 500 2391 of
515 2347 697 2402 ourscrvitude;
715 2347 814 2403 aproof
827 2348 881 2393 that
896 2348 937 2395 tiis
949 2360 981 2395 ra·

97 2399 314 2515 pullltctddtliiiiiiei
325 2402 434 2497 iixiiiiiillel
446 2466 472 2498 or
483 2453 669 2516 representation
681 2453 710 2496 of
722 2454 864 2509 Marcentes,
877 2455 903 2500 iri
912 2456 980 2511 ivery.

97 2519 147 2550 was
158 2506 246 2568 carried
259 2507 394 2568 iri'Caesar's
405 2508 532 2568 triumphat
545 2519 690 2570 processioa.
724 2508 752 2568 Ip
770 2520 843 2563 every
849 2508 946 2571 change
954 2508 979 2553 ot

97 2561 198 2609 fortune,
211 2564 240 2603 its
251 2564 348 2603 currens
361 2559 405 2604 had
418 2560 477 2604 beon
490 2560 583 2604 faithful
594 2565 618 2603 to
629 2560 688 2604 their
706 2560 805 2604 alliance
824 2563 885 2606 with
897 2564 980 2613 Remea

97 2614 144 2657 and
164 2614 250 2665 during
269 2613 307 2656 the
327 2614 378 2657 clvii
397 2626 465 2666 tvans,
482 2613 610 2667 anxiously
622 2614 710 2657 wished
731 2618 755 2657 to
772 2616 867 2659 remuin
886 2616 980 2661 areatat

98 2667 156 2711 This
174 2667 213 2709 did
233 2671 275 2709 not
293 2679 386 2709 answer
403 2669 499 2710 Caesar's
538 2679 636 2721 urpose:
654 2667 683 2710 he
706 2666 821 2721 besieged,
837 2669 887 2713 and
903 2670 981 2713 attera

98 2721 207 2783 yiaorous
218 2720 385 2769 defcnoe‚took
398 2719 435 2782 the
447 2724 512 2763 town
519 2680 552 2776 ly
562 2720 723 2775 capitulation.
758 2721 815 2766 Cara.
829 2722 860 2766 de
871 2722 980 2768 Belleia.

97 2787 113 2819 1.
126 2775 161 2818 34.
172 2786 195 2816 ii.
207 2774 243 2817 20.
278 2774 337 2816 Vell.
349 2776 398 2817 Pat.
409 2787 432 2817 ii.
443 2774 480 2817 56.
492 2775 513 2817 2.

130 2832 142 2876 ss
157 2827 184 2870 P.
199 2826 276 2871 Sulla.
310 2826 416 2881 Nephew
429 2832 453 2869 ot
463 2830 490 2872 L.
502 2828 572 2870 Corn.
585 2827 656 2882 Sylla,
669 2827 707 2869 the
720 2826 826 2871 dictator.

131 2880 144 2933 ξ
165 2880 272 2931 Quaestor
290 2882 407 2923 urbanus.
442 2879 501 2923 This
522 2893 573 2923 was
594 2879 708 2935 probably
728 2881 754 2924 P.
776 2882 864 2934 Sylla’s
886 2880 980 2936 brother,

97 2935 183 2993 named
197 2934 298 2988 Servius,
310 2934 363 2976 who
375 2933 421 2976 had
433 2932 494 2976 been
509 2933 646 2989 implicated
662 2934 687 2977 in
705 2932 744 2977 the
761 2934 919 2980 Catilinarian
930 2946 982 2981 coii-

97 2998 199 3028 siraci.

111 2999 139 3090 pl
155 3000 264 3083 Pisana
275 3039 399 3094 proposita.
433 3040 528 3083 “Hasta
545 3041 642 3084 Caesaris
653 3038 733 3084 multis
744 3039 777 3084 im
797 3040 860 3085 robis
876 3045 902 3087 et
917 3052 981 3099 spem

98 3090 172 3150 adfert
183 3097 206 3135 et
218 3093 349 3136 audaciam.
382 3092 497 3136 Viderunt
513 3093 577 3136 enim
594 3106 623 3137 ex
640 3093 754 3138 mendicis
789 3095 823 3139 eri
840 3092 982 3151 repantadl·

96 3146 163 3206 quites..
175 3144 254 3197 itaque
273 3145 364 3188 hastam
382 3145 461 3189 videre
479 3157 573 3201 semper
593 3147 694 3201 cupiunt
712 3147 729 3191 ii
747 3148 789 3203 qui
809 3149 898 3194 nostris
918 3146 982 3195 bont·

90 3198 247 3242 imminent.''
280 3198 367 3256 Philip.
378 3198 427 3245 viii.
439 3200 462 3244 3.
