2054 3946
343 477 484 524 LlMll,
516 477 597 525 Chl‘·
614 478 678 524 vti.
893 486 948 542 179

66 583 146 643 ribus
161 584 242 645 libris
257 586 325 643 satis
339 587 427 644 multa
447 599 589 662 praecepta
608 598 683 653 sunt,
700 589 802 660 quibus
824 589 949 665 perspici

68 665 172 740 possit,
188 663 265 735 quod
279 666 316 722 sit
329 677 444 741 propter
459 666 659 741 turpitudinem
675 668 859 743 fugiendum
882 669 948 741 quid

68 743 177 801 idcirco
192 743 357 820 fugiendum
373 764 429 802 non
445 747 491 811 sit,
507 744 583 817 quod
597 748 715 804 omnino
728 758 808 822 turpe
824 765 879 803 non
896 758 948 803 est.

68 822 128 881 Sed
150 826 287 895 quoniam
310 825 390 899 operi
416 826 557 891 inchoato,
579 844 669 900 prope
690 838 783 882 tamen
809 827 948 891 absoluto,

67 912 216 975 tamquam
233 902 395 978 fastigium*
417 904 611 979 imponimus:
634 915 665 961 ut
685 916 835 981 geometra·
859 906 951 963 solent

26 1038 29 1043 .
67 1000 127 1039 noo
142 982 240 1038 omnia
253 982 365 1048 docere,
381 983 430 1039 sed
452 982 604 1057 postulare,
620 993 651 1039 ut
665 984 792 1055 quaedam
815 985 870 1040 sibi
885 1004 951 1041 con·

66 1060 216 1128 cedantur,
232 1081 289 1133 quo
310 1062 431 1129 facilior,
447 1081 510 1134 quae
525 1062 632 1128 volunt,
648 1064 812 1138 explicent:
835 1065 875 1120 sic
895 1083 951 1140 ego

45 1148 85 1197 'a
108 1152 137 1197 te
160 1142 286 1215 postulo,
305 1142 344 1198 mi
367 1140 482 1206 Cicero,
498 1152 529 1197 ut
551 1142 621 1198 mihi
639 1141 789 1207 concedas,
811 1143 836 1198 si
858 1156 950 1218 potes,

67 1219 154 1285 nihil,
170 1230 271 1294 praeter
292 1220 332 1286 id,
353 1221 430 1292 quod
451 1220 602 1277 honestum
624 1222 671 1287 sit,
693 1234 807 1296 propter
831 1241 861 1277 se
888 1241 951 1278 esso

66 1298 274 1374 expetendum.
316 1300 369 1356 Sin
390 1300 445 1356 hoc
470 1300 615 1356 nonlicet
637 1318 688 1375 per
709 1300 896 1375 Cratippum:
925 1312 952 1356 at

69 1377 142 1435 illud
157 1388 233 1434 certe
255 1378 345 1444 dabis,
360 1378 437 1449 quod
458 1379 608 1435 honestum
630 1380 676 1446 sit,
693 1378 721 1435 id
742 1398 805 1436 esse
827 1381 951 1436 maxime

68 1466 188 1532 propter
207 1476 239 1514 se
253 1458 454 1533 expetendum.
497 1458 572 1515 Mihi
595 1460 731 1515 utrumvis
753 1459 821 1514 satis
841 1469 901 1515 est:
924 1472 953 1516 ct

70 1546 131 1592 tum
153 1535 219 1601 hoc,
242 1548 300 1593 tum
322 1536 391 1593 illud
412 1538 585 1613 probabilius
603 1537 722 1603 videtur,
744 1557 797 1594 nec
819 1550 953 1613 praetcrea

69 1613 228 1687 quidquam
242 1617 397 1691 probabile.

110 1694 155 1750 Ac
169 1696 293 1769 primum
308 1695 451 1752 Panaetius
474 1694 504 1751 in
524 1695 578 1751 hoc
593 1694 787 1752 defendendus
806 1705 859 1761 cst,
875 1695 952 1767 quod

69 1790 130 1830 non
141 1775 221 1830 utilia
233 1793 296 1830 cum
307 1774 435 1831 honestis
450 1793 575 1849 pugnare
586 1775 737 1846 aliquando
751 1793 835 1848 posse
849 1775 953 1831 dixerit

72 1850 179 1927 (neque
195 1852 272 1909 enim
287 1854 314 1910 ci
329 1854 370 1910 sas
385 1854 468 1930 erati)
484 1853 533 1910 sed
549 1872 592 1920 ea,
608 1872 670 1924 quae
687 1853 847 1909 viderentur
861 1855 950 1910 utilia.

72 1928 157 1989 Nihil
172 1951 238 1988 vero
253 1933 331 1999 utile,
347 1931 423 2004 quod
446 1951 503 1989 non
524 1931 599 1988 idem
624 1933 793 1988 honestum:
816 1933 888 1989 nibil
902 1933 952 1989 ho·

71 2020 196 2077 nestum,
212 2010 288 2082 quod
302 2031 359 2068 aon
374 2011 450 2068 idem
466 2011 533 2067 utile
548 2013 595 2076 sit,
612 2030 688 2087 saepe
704 2022 834 2068 testatur:
857 2023 952 2087 negat·

71 2108 128 2161 que
140 2090 227 2147 ullam
238 2101 345 2166 pestem
358 2090 493 2165 majorem
504 2092 534 2146 iu
543 2091 629 2146 vitam
643 2091 790 2148 hominum
801 2092 951 2156 invasisse,

72 2187 159 2240 quam
174 2188 271 2226 eorum
287 2171 462 2244 opinionem,
478 2170 528 2241 qui
549 2170 603 2225 ista
620 2168 811 2227 distraxerint.
854 2171 952 2241 ltaque

72 2266 130 2305 noo
144 2248 341 2320 utaliquando
356 2259 591 2323 anteponeremus
605 2250 686 2305 utilia
703 2250 841 2317 honestis,
857 2249 906 2307 scd
922 2258 953 2306 ut

71 2346 106 2384 ea
119 2328 183 2385 sine
198 2347 290 2385 errore
304 2327 534 2403 dijudicaremus,
550 2328 575 2383 si
590 2328 703 2399 quando
718 2328 895 2394 incidissent,
911 2330 953 2385 in·

70 2405 155 2464 duxit
168 2425 242 2474 eam,
258 2406 477 2486 quaeflvideretur
497 2425 572 2472 csse,
588 2426 644 2464 non
659 2426 728 2478 quae
749 2418 836 2474 esset,
852 2426 952 2484 repug-

72 2486 208 2543 nantiam.
251 2486 335 2542 Hanc
363 2487 448 2561 igitur
474 2496 581 2562 partem
610 2486 735 2544 relictam
761 2489 951 2563 explebimus,

73 2566 159 2623 nullis
194 2564 384 2632 adminiculis,
414 2565 474 2632 sed,
503 2575 534 2621 ut
561 2563 672 2632 dicitur,
702 2567 794 2623 Marte
828 2570 954 2640 nostross

71 2740 200 2793 instanees,
212 2740 327 2791 however,
339 2740 395 2785 both
412 2741 450 2784 the
461 2740 516 2784 verb
528 2740 574 2783 and
587 2739 625 2784 the
637 2740 759 2795 participle
770 2752 809 2784 are
828 2739 954 2794 employed

71 2792 103 2871 ¹by
113 2793 198 2856 piceio
218 2794 243 2837 in
264 2794 391 2889 mpii-⁸⁸¹¹&
403 2795 431 2837 of
446 2794 560 2848 complete
578 2793 754 2890 termip’ojiotltie
766 2793 953 2889 ffppfissexlpegz

70 2849 681 2955 <asilifllbsiliidlbobabnrgltdimibil?sb‘drbsdrlesrbepti
690 2902 760 2952 atque
775 2857 954 2942 sttblolisunt.133

72 2954 144 2997 Tusc.
156 2953 185 3005 Q.
199 2957 218 2998 l.
230 2954 266 3006 ³7,
278 2955 354 2998 “Non
366 2957 444 3008 potest
454 2955 524 2997 miser
535 2965 586 2996 csse
598 2953 638 3007 qui
668 2963 731 2999 uam,
739 2964 809 2995 sensu
821 2950 953 3005 peremto.‘’

73 3007 144 3069 From
156 3007 194 3050 the
206 3007 298 3069 verbm
310 3006 357 3050 this
368 3017 532 3068 sensissemus
543 3005 638 3049 derived
649 3011 658 3048 t
674 3017 687 3048 e
699 3005 760 3058 legal
772 3009 830 3047 term
838 3002 930 3058 peremi
944 3021 954 3035 -

71 3061 427 3167 '‘uasturmiru
440 3059 863 3157 strassenrauber,

71 3165 155 3218 latum,
174 3167 261 3222 quibus
282 3165 399 3222 perfectis,
419 3177 495 3209 conus
520 3165 605 3220 aliquis
632 3163 762 3220 imponitur
783 3163 809 3206 in
832 3160 953 3206 summ0.’'

72 3220 183 3328 &ssst
194 3273 254 3317 eral-
288 3273 352 3316 That
363 3272 390 3323 is,
399 3283 425 3315 as
437 3270 552 3315 Panoetius
563 3283 613 3316 was
624 3282 639 3314 a
650 3269 719 3322 Stoic,
726 3267 784 3313 such
793 3267 955 3331 phessertion

72 3325 152 3369 would
165 3325 224 3369 have
236 3326 295 3369 been
307 3325 332 3368 in
343 3325 417 3368 direct
427 3325 598 3369 contradiction
611 3327 636 3385 to
647 3323 684 3367 his
695 3335 751 3367 own
763 3322 898 3382 principles.

105 3378 211 3430 *Μανία
222 3380 310 3424 nostro.
343 3376 541 3422 “Proverbialiter
559 3390 573 3421 a
591 3377 674 3421 militia
691 3373 896 3438 trapslammssubr
912 3384 955 3419 etto

73 3433 151 3478 marte
166 3444 217 3475 rem
229 3443 307 3485 gerere
319 3431 466 3486 dicebantur,
477 3431 520 3487 qui
536 3431 609 3476 nullis
627 3429 781 3475 auxiliaribus
792 3439 867 3485 copus
878 3426 953 3489 adjuti

71 3484 271 3531 commiseritum
304 3486 396 3530 Erasm.
