2054 3946
378 493 450 541 ΗΒ.
466 494 504 540 ll.
537 494 669 541 cAP.1v.
912 498 968 553 115

58 604 128 663 ·.his
150 606 215 662 sine
234 602 385 662 hominum
404 602 647 661 administratione
667 612 820 659 uteremur.
864 601 968 674 Neque

82 685 161 742 enim
176 680 347 740 valetudinis
368 683 486 747 curatio,
510 700 602 753 neque
624 683 776 757 navigatio,
793 699 885 751 neque
909 681 968 756 agri

78 765 202 828 cultura,
211 781 303 834 neque
312 763 423 837 frugum
432 762 810 833 fructuumqucreliquorum
823 762 968 836 perceptio

82 855 111 901 et
124 842 305 901 conservatio
319 843 381 899 sine
401 841 551 898 hominum
566 860 653 917 opera
666 842 724 897 ulla
738 859 801 895 csse
817 841 967 914 potuisset.

120 922 189 981 Jarn
204 940 272 979 vero
286 930 425 978 eteorum
446 939 550 987 rerum,
567 921 670 992 quibus
685 919 903 984 abundarcmus,
920 937 968 975 ex·

81 1002 217 1079 portatio,
240 1011 268 1058 et
287 1018 395 1066 earum,
421 1000 524 1071 quibus
550 1018 710 1074 egeremus,
737 999 871 1064 invectio,
893 1009 968 1056 certe

79 1081 161 1139 nulla
181 1091 268 1148 esset,
289 1079 345 1136 nisi
366 1079 411 1136 his
433 1081 597 1135 muneribus
619 1078 751 1135 homines
773 1077 967 1152 fungerentur.

81 1159 254 1233 Eademque
275 1159 382 1216 ratione
404 1176 457 1216 nec
476 1157 587 1234 lapides
602 1177 618 1214 e
634 1168 706 1214 terra
721 1155 920 1213 exciderentur
934 1155 969 1213 ad

81 1258 170 1299 usum
185 1250 313 1297 nostrum
328 1238 492 1304 necessarii,

151 1332 207 1382 Noe
217 1333 313 1391 ferrum,
323 1348 363 1391 us,
373 1347 466 1391 eurum,
477 1342 603 1392 argentum
614 1329 755 1381 effoderetur
765 1332 862 1396 penitus

186 1400 300 1458 abditum,

82 1487 148 1542 sine
162 1483 313 1540 hominum
326 1482 422 1539 labore
438 1491 466 1538 et
477 1500 573 1539 manu.

85 1624 178 1683 OAP.
194 1624 246 1681 lV.
285 1621 399 1693 Quibus
414 1622 499 1681 rebus
513 1622 646 1681 homines
658 1623 829 1682 bominibus
838 1624 967 1701 prosint.

125 1737 234 1794 Tuom
258 1755 335 1802 vero,
358 1737 460 1808 quibus
482 1747 510 1793 et
529 1737 667 1814 frigorum
692 1739 735 1795 vis
758 1739 920 1814 pelleretur,
942 1747 970 1795 et

84 1817 213 1874 calorum
235 1816 373 1872 molestius
398 1816 573 1878 sedarentur,
596 1817 672 1874 unde
696 1828 744 1874 aut
768 1818 850 1873 initio
873 1818 970 1892 generi

85 1896 212 1953 humano
228 1895 286 1951 dari
309 1897 479 1970 potuissent,
495 1908 542 1953 aut
566 1907 666 1973 postea
686 1896 859 1961 subveniri*
876 1897 900 1952 si
924 1907 971 1952 eut

87 1976 114 2032 vi
126 1976 314 2050 tempestatis,
328 1985 376 2031 aut
387 1987 466 2032 terrae
476 1988 566 2042 motu,
579 1986 626 2032 aut
640 1987 776 2033 vetustate
788 1976 969 2043 cecidissent,

86 2055 143 2112 nisi
165 2056 326 2111 communis
342 2055 399 2111 vita
413 2057 447 2111 ab
462 2055 627 2112 hominibus
643 2056 742 2112 harum
758 2075 850 2112 rerum
866 2056 972 2112 auxilia

86 2145 184 2209 petere
199 2132 369 2191 didicisset?
411 2134 492 2191 Adde
508 2135 608 2192 ductus
621 2155 767 2206 aquarum,
781 2135 971 2192 derivationes

87 2213 250 2278 fluminum,
267 2231 398 2288 agrorum
419 2215 609 2290 irrigationes,
628 2216 719 2271 moles
741 2217 887 2290 oppositas
904 2215 972 2272 fluc-

87 2293 173 2360 tibus,
196 2303 294 2366 portus
316 2312 401 2349 manu
430 2295 528 2360 factos,
551 2314 614 2365 quae
635 2294 711 2350 unde
738 2297 800 2351 sine
821 2296 971 2351 hominum

87 2389 174 2447 opere
196 2370 300 2428 habore
323 2375 498 2446 possemus?
540 2375 589 2431 Ex
604 2375 717 2444 quibus,
733 2375 887 2446 multisque
909 2375 972 2431 aliis

86 2451 274 2526 perspicuum
294 2460 346 2518 est,
363 2452 412 2522 qui
426 2452 533 2509 fructus
547 2472 667 2524 quaeque
688 2455 822 2510 utilitates
837 2474 873 2511 ex
888 2454 971 2510 rebus

87 2531 134 2596 iis,
148 2549 211 2602 quae
226 2540 293 2586 sunt
308 2531 441 2597 inanima,
452 2534 654 2607 percipiantur,
668 2552 716 2588 eas
730 2534 871 2590 nosnullo
886 2533 973 2589 modo

87 2613 151 2666 sine
181 2610 331 2666 hominum
358 2629 444 2667 manu
473 2623 556 2683 atque
584 2631 672 2687 opera
697 2632 797 2689 capere
832 2613 971 2687 potuisse.

88 2689 147 2756 Qui
169 2688 293 2760 denique
308 2708 344 2746 ex
366 2691 465 2747 bestiis
487 2691 604 2760 fructur,
620 2702 668 2748 aut
688 2711 750 2764 quae
772 2691 971 2757 commoditas,

428 2834 580 2880 CHAPTER
598 2837 638 2881 IV.

123 2924 136 2955 ⁴¹
150 2917 280 2962 subueniri.
315 2919 344 2962 In
356 2920 445 2964 several
457 2922 532 2972 Mss,
544 2922 683 2966 subvenire.-
700 2920 826 2967 Facciolati
837 2919 973 2964 substitutos

87 2971 184 3016 restitui
193 2990 206 3032 ,χ
223 2971 266 3014 but
285 2971 303 3014 it
321 2972 342 3014 is
359 2971 463 3016 believed
481 2975 570 3029 merely
584 2987 615 3018 on
636 2976 776 3031 conjecture.
810 2974 861 3017 'she
878 2978 973 3028 present

88 3024 187 3078 reading
200 3037 220 3067 rs
231 3024 304 3068 found
317 3024 343 3071 in
360 3027 430 3070 MSS.
441 3028 469 3070 of
483 3027 522 3071 the
541 3028 590 3072 best
607 3028 731 3083 authority.
765 3029 794 3071 ln
806 3027 872 3070 otber
885 3028 974 3071 writers

88 3077 117 3122 of
125 3088 186 3132 pure
198 3077 310 3132 Latinity‚
320 3091 345 3120 as
355 3079 409 3122 well
421 3092 448 3122 as
458 3080 483 3123 in
496 3081 584 3134 Cicero,
596 3081 663 3124 verbs
674 3087 757 3125 neuter
768 3080 926 3134 occasionally
938 3093 974 3124 as·

87 3143 158 3175 sume
177 3143 192 3173 a
210 3131 303 3184 passive
321 3132 388 3183 form,
404 3144 430 3175 us
445 3134 553 3186 adrideri,
569 3135 677 3188 ndsrtrgi,
694 3133 909 3187 circireunrpluudi,
928 3133 974 3179 cir·

88 3185 235 3234 cumsonuri,
265 3185 349 3232 moedi.
370 3185 494 3247 imperari,
520 3188 626 3240 inrideri,
653 3189 759 3242 obstrepi,
783 3186 850 3243 offici.
876 3187 973 3241 plaudi.

88 3237 194 3282 Scheller
210 3237 317 3280 observes
338 3239 389 3281 that
405 3239 450 3281 tlus
469 3245 581 3285 sentence
599 3241 620 3285 is
635 3241 732 3295 capable
750 3240 777 3283 of
790 3247 837 3284 two
854 3245 973 3284 construo-

88 3291 167 3335 tions:
194 3290 274 3341 either,
299 3291 356 3335 tecm
374 3293 454 3346 postea
474 3294 596 3338 subueniri
618 3295 774 3348 potuissene·
808 3293 892 3338 briuses
916 3306 972 3350 ntor)

87 3342 234 3399 afterwards
252 3345 276 3386 be
294 3345 341 3398 put
356 3343 383 3388 in
402 3346 499 3399 repub:
520 3359 553 3399 or,
573 3347 604 3401 by
620 3347 748 3402 disjoining
767 3348 832 3394 uero.
853 3347 900 3390 and
919 3349 974 3391 sub·

88 3396 353 3504 utriuslibet
370 3399 848 3499 ltttttnubl-’tultlt'tnlt
864 3401 973 3508 'tituli

89 3502 231 3557 containing
242 3508 398 3561 someasyet
409 3505 551 3552 undeteeted
562 3518 635 3553 error.
706 3467 723 3510 p
776 3488 789 3510 ⁰
859 3467 875 3510 p
