2054 3946
74 181 133 234 210
393 172 441 219 ne
459 173 647 221 orrrcus.

73 282 98 338 si
114 291 262 356 turparet,
278 301 313 339 nc
330 280 455 339 videatur
469 302 533 341 esse
548 284 626 341 utile.
669 283 749 351 Quid
772 283 880 361 igiturl
898 300 951 361 pus·

73 380 210 417 sumusne
226 372 273 417 aut
287 362 366 419 illurn
382 364 508 420 Marium
524 364 614 421 virum
635 366 745 421 bonum
763 364 903 441 judicare,
914 372 953 419 aut

73 440 149 498 huuc
160 442 188 496 l*
232 441 356 517 Explica
369 454 452 514 atque
468 443 583 504 excutet‘
598 444 818 521 intelligentiam
834 455 917 509 tuam,
928 452 953 499 ut

74 520 180 582 videus.
196 539 258 592 quta
274 521 354 578 sitin
368 523 538 597 easpecie8‚
553 522 652 590 forma,
667 537 697 579 et
710 526 792 581 notio
807 524 862 580 uiri
875 523 943 579 boui.

113 598 200 656 Cadit
220 618 287 675 ergo
302 602 331 657 iu
347 602 438 657 virum
460 602 566 657 bonurn
589 602 702 659 mentiri
716 603 905 660 emolumenti
916 602 954 659 sui

72 698 168 745 causa,
191 680 345 747 criminari,
368 681 530 756 preripere,
555 681 673 738 sullerel
723 683 811 739 Nihil
839 682 954 758 prolecto

74 759 179 815 miuus.
221 758 277 815 Est
290 780 358 836 ergo
375 761 489 816 uliares
510 762 589 827 tanti,
605 772 654 818 aut
673 762 862 819 commodum
877 761 954 819 ullum

74 848 129 894 tam
145 838 345 912 expetendum,
362 852 393 897 ut
408 841 459 897 viri
475 842 541 897 boni
557 852 584 897 et
605 841 788 918 splendorem
811 852 842 897 et
861 860 955 897 nomeu

72 918 206 973 amittas?
259 919 335 984 Quid
357 930 410 986 est,
426 919 503 991 quod
524 919 624 977 afferre
646 932 755 977 tantum
777 922 886 979 utilitas
909 922 956 979 ista

72 1016 135 1069 quaa
151 997 262 1064 dicitur,
279 1000 379 1073 possit,
390 1012 526 1071 quantum
542 1001 660 1067 auferre,
671 1002 696 1057 si
706 1002 774 1060 boni
792 1002 846 1059 viri
861 1018 956 1057 nomeu

72 1079 218 1152 eripuerit,
241 1078 327 1134 fidem
344 1079 543 1155 justitiamque
567 1079 743 1137 detraxerit?
786 1080 866 1147 Quid
887 1082 955 1137 enim

72 1158 198 1221 interest,
212 1171 304 1215 utrum
319 1178 356 1215 ex
372 1159 487 1216 homine
503 1179 533 1216 se
548 1162 612 1232 quis
627 1161 770 1234 conserat‡
784 1162 816 1219 in
830 1161 955 1227 belluam,

72 1257 108 1294 an
124 1237 187 1315 [in]
203 1238 327 1295 hominis
341 1239 432 1315 figura
445 1240 648 1297 immanitatem
663 1252 744 1316 gerat
755 1242 884 1298 belluae!

73 1370 163 1427 CAP.
181 1368 263 1426 XXl.
292 1367 345 1425 Ee
367 1386 467 1425 eorum
490 1369 627 1445 opinione
650 1337 710 1445 qui*
727 1372 810 1445 quod
829 1368 957 1427 uideatur

112 1448 195 1516 utile,
211 1449 365 1506 liopertum
380 1448 600 1526 conquadrant,
616 1468 731 1526 inagna
745 1448 830 1507 mala
844 1448 927 1507 oriri.

113 1562 216 1627 Qurul
239 1561 286 1633 qui
308 1561 404 1617 omnia
425 1572 499 1617 rectu
520 1569 548 1616 et
568 1560 688 1617 honesta
707 1560 871 1636 negligunt,
885 1558 957 1617 dum·

73 1642 159 1699 modo
187 1642 342 1717 potentiam
378 1652 598 1711 consequantur,
619 1660 713 1697 noune
741 1640 819 1697 idem
847 1640 955 1705 saciuut,

73 1722 199 1792 quodie,
216 1722 263 1793 qui
279 1721 363 1776 etiarn
386 1721 532 1792 socerum§
553 1720 656 1776 habere
679 1721 769 1777 voluit
789 1739 867 1787 euru,
883 1719 956 1797 cujus

74 1802 136 1877 ipsc
151 1801 267 1857 audacia
278 1811 379 1876 puteus
392 1800 486 1855 essetl
523 1799 600 1856 Utile
610 1800 637 1855 ei
649 1799 799 1857 videbatur
809 1800 955 1875 plurimum

74 1901 160 1957 posse
175 1881 290 1938 alterius
305 1879 421 1935 invidia.
463 1879 496 1936 ld
512 1899 597 1950 quam
619 1880 757 1955 injustum
780 1880 811 1936 in
832 1880 954 1955 patriam,

74 1972 103 2017 et
129 1980 212 2032 quam
239 1972 330 2034 turpe,
345 1969 373 2014 et
397 1978 482 2030 quam
508 1960 606 2015 inutile
617 1960 627 2025 ΙΙ
654 1970 741 2025 esset,
757 1978 817 2017 non
841 1958 954 2016 videbat

74 2039 141 2115 lpse
156 2050 249 2096 autern
263 2058 344 2095 socer
359 2040 388 2095 in
403 2058 451 2095 ore
466 2057 580 2114 semper
590 2038 707 2096 Graecus
719 2058 819 2095 versus
832 2039 868 2096 de
880 2039 956 2096 Phor·

109 2180 211 2223 *Hunc
245 2180 278 2223 M.
292 2179 383 2223 Murius
395 2179 553 2223 Gratidianus.

107 2233 123 2287 †
136 2233 239 2286 Erplr'cu
249 2233 317 2285 (itque
325 2235 418 2278 exerite.
453 2233 560 2276 Another
569 2232 669 2275 allusion
680 2235 704 2274 tu
716 2232 799 2276 innute
808 2232 883 2277 ideas.
917 2230 957 2277 llu-

73 2286 131 2344 fuld
141 2287 190 2330 urz-t
201 2284 318 2341 curtfnlly
330 2287 445 2330 certantur
457 2299 518 2341 pour
533 2285 663 2339 reeurniug
690 2285 800 2339 amitus,
811 2286 841 2329 in
858 2286 923 2332 order
936 2286 956 2329 tu

74 2342 164 2394 ‹lecclrp
177 2339 214 2384 rue
225 2338 293 2395 firm
306 2340 368 2385 llere
376 2341 503 2393 pras-crunt.
514 2338 543 2395 (ff
551 2352 566 2383 u
578 2351 637 2382 mun
646 2354 659 2381 o
684 2338 769 2383 world.
804 2340 844 2382 To
852 2339 898 2383 tlris
907 2350 957 2393 rup-

74 2396 146 2490 poppd
161 2395 241 2437 innare
255 2393 313 2447 idea,
326 2405 351 2436 ur
363 2398 428 2447 type,
439 2394 477 2436 the
490 2392 608 2437 Platonica
624 2405 682 2447 gave
700 2391 740 2435 the
757 2404 832 2436 name
845 2390 925 2445 ἔννοια,
934 2402 958 2435 or

74 2463 89 2488 u·
158 2463 190 2487 u.

90 2463 119 2547 βψ
131 2447 255 2552 illiserat.
267 2496 295 2538 al.
307 2495 419 2540 couterini
428 2511 437 2536 .·
456 2492 534 2536 which
552 2493 572 2535 is
590 2491 628 2535 the
646 2492 744 2547 reading
762 2493 792 2536 of
806 2496 870 2536 most
886 2492 957 2541 MSS..

74 2552 203 2594 confirmed
218 2550 246 2604 by
255 2549 292 2592 tlre
305 2554 405 2592 extracta
414 2548 440 2591 of
450 2547 519 2591 lledc.
553 2545 612 2589 uvid
624 2545 709 2589 indeed
722 2546 791 2590 twice
800 2558 856 2590 uses
864 2546 902 2589 the
909 2544 958 2589 verb

74 2605 98 2649 iu
111 2608 149 2648 tua
162 2609 218 2656 text,
232 2605 256 2647 in
268 2602 313 2645 this
326 2614 403 2646 sense.
437 2599 544 2645 Contulit
554 2598 579 2642 in
592 2611 685 2653 saxum,
695 2601 798 2644 Metam.
809 2600 841 2643 iv.
854 2597 959 2643 aun-iu

73 2660 193 2703 volucrem
206 2658 247 2701 xii.
259 2657 311 2701 245.

399 2757 551 2801 CllAPTEll
570 2755 638 2799 XXI.

108 2830 254 2884 §Socerum
288 2828 359 2879 Julia.
372 2824 654 2878 Cusur’adauglrtenlrad
668 2824 728 2867 boen
758 2823 961 2868 romisodinmar·

74 2885 136 2931 naue
150 2891 173 2928 to
185 2883 271 2937 Caepio,
282 2882 324 2926 hut
335 2894 383 2925 was
395 2881 463 2935 given
477 2884 500 2922 tu
515 2882 629 2939 Pompcy.
664 2879 726 2921 Suet
739 2837 796 2921 drea.
808 2878 846 2921 21.

107 2937 212 2990 lQuuur
228 2935 321 2979 inutile.
357 2937 426 2978 Some
446 2934 513 2976 MSS.
532 2937 591 2975 onnt
609 2932 675 2975 these
690 2930 781 2974 words:
801 2936 825 2973 to
847 2930 959 2985 complete

73 2990 111 3034 the
124 3004 192 3034 eurise
206 2990 261 3042 they
274 3000 363 3050 appear
381 2998 514 3040 necessary.
551 2987 583 3047 lli
601 2985 710 3048 Pompep,
721 2985 758 3029 rte
776 2981 957 3038 ntarnmentd

72 3056 180 3105 supreme
196 3055 286 3104 posuer,¹
297 3042 354 3104 uplti
363 3041 411 3137 ¹lla}
424 3038 700 3135 rrllnpupupprttpfflollpng
712 3050 744 3082 ori
756 3038 866 3134 pnptlter,
876 3034 960 3135 saphaad

63 3096 211 3258 {Efficirid
221 3096 425 3204 ilriitlliiilliiiiitiii
433 3104 608 3200 tillidiigldydu
619 3101 793 3200 liiiriidprlliirede
803 3102 959 3201 pztrpppm

147 3217 165 3249 ι.
