2054 3946
338 478 441 525 Llll.l.
475 478 710 524 CARXXVIII.
927 487 966 542 75

119 587 265 654 Quocirca
291 592 383 663 poetae
410 589 440 645 in
468 607 571 663 magna
604 588 736 645 varietate
769 606 953 664 personarum

77 669 166 726 etiarn
182 667 294 725 vitiosis
309 667 378 739 quid
389 670 549 735 conveniat,
563 679 591 723 et
605 667 671 739 quid
688 668 796 734 deceat,
810 669 962 725 videbunt:

79 749 164 805 nobis
186 757 280 805 autem
302 766 366 804 curn
388 767 404 804 a
429 758 527 804 natura
551 749 727 815 constantia,
749 747 963 816 moderationis,

78 827 285 902 temperantiae,
309 828 486 884 verecundiae
515 838 608 903 partes
634 826 704 883 datae
732 828 809 894 sint;
841 847 965 901 cumque

77 907 179 963 eadem
196 917 294 962 natura
306 905 405 962 doceat
416 925 473 963 non
487 907 641 982 negligere,
656 906 895 978 quemadmodum
911 928 963 965 nos

78 985 214 1042 adversus
236 985 368 1042 homines
390 1005 540 1061 geramus;
563 987 693 1053 efficitur,
706 998 737 1042 ut
751 998 779 1042 et
793 987 872 1054 illud,
886 987 964 1060 quod

78 1065 114 1122 ad
134 1083 251 1122 omnem
272 1065 450 1122 honestatem
475 1067 607 1141 pertinet,
630 1067 775 1133 decorum,
797 1085 884 1138 quarn
906 1069 962 1124 late

77 1145 176 1202 susum
195 1146 243 1212 sit,
265 1155 414 1220 appareat;
441 1155 469 1201 et
496 1145 560 1211 hoc,
583 1144 659 1216 quod
680 1157 822 1220 spectatur
842 1148 872 1203 in
894 1166 963 1205 uuo·

77 1242 193 1296 quoque
208 1243 312 1299 genere
327 1225 447 1281 virtutis.
492 1224 532 1281 Ut
546 1225 621 1280 enirn
637 1225 818 1299 pulchritudo
833 1229 961 1302 corporis

77 1315 142 1380 apta
157 1303 366 1378 compositione
382 1304 572 1360 membrorum
594 1314 689 1360 movet
703 1304 813 1371 oculos,
828 1316 856 1362 et
870 1306 963 1364 delec-

76 1394 116 1440 tat
136 1383 192 1440 hoc
207 1384 282 1458 ipso,
298 1383 373 1454 quod
388 1385 461 1441 iuter
475 1393 507 1438 se·
520 1402 620 1439 omnes
642 1395 735 1458 partes
756 1405 821 1441 curn
837 1386 962 1456 quodam

75 1464 174 1538 lepore
195 1465 397 1519 consentiunt:
420 1463 462 1518 sic
483 1464 538 1519 hoc
559 1462 704 1529 decorum,
721 1464 797 1535 qnod
817 1466 911 1522 elucet
931 1467 961 1523 iu

75 1545 143 1609 vita,
160 1555 256 1598 movet
276 1543 508 1617 approbationem
531 1561 639 1609 eorum,
656 1545 825 1615 quibuscum
848 1547 960 1612 vivitur,

74 1622 186 1687 ordine,
202 1632 231 1678 et
244 1623 413 1690 constantia,
428 1632 457 1678 et
471 1621 664 1680 moderatione
678 1623 818 1681 dictorum
832 1627 960 1684 omnium

74 1712 161 1775 atque
176 1701 323 1759 sactorum.

115 1780 287 1839 Adhibenda
311 1790 355 1837 est
382 1781 467 1858 igitur
488 1781 617 1853 quaedam
639 1784 797 1838 reverentia
824 1783 959 1839 adversus

72 1860 220 1927 homines,
242 1871 271 1917 et
290 1861 391 1936 optimi
412 1863 581 1938 cujusque*l
602 1872 631 1917 et
654 1863 839 1933 reliquorum.
883 1862 959 1920 Nam

74 1940 232 2016 negligere,
249 1941 367 2012 quidde
384 1960 414 1999 se
430 1944 550 2014 quisque
566 1942 678 2006 sentiat,
693 1961 750 1998 non
771 1943 863 1998 solum
886 1961 960 1998 arro·

74 2021 168 2094 gantis
191 2031 245 2086 est,
266 2020 318 2077 sed
339 2021 423 2077 etiam
452 2022 570 2078 omnino
598 2021 740 2078 dissoluti.
783 2021 838 2078 Est
865 2033 959 2078 autem

74 2099 152 2170 quod
167 2099 288 2167 differat,
304 2101 333 2156 in
356 2100 503 2158 hominum
526 2101 633 2157 ratione
654 2099 793 2166 habenda,
809 2102 881 2158 inter
897 2102 959 2177 juo·

74 2180 165 2235 titiam
188 2191 216 2235 et
237 2179 446 2236 verecundiam.
488 2179 612 2236 Justitiae
628 2191 721 2256 partes
736 2191 812 2246 sunt,
828 2201 884 2238 non
902 2182 960 2237 vio-

73 2259 133 2315 lare
169 2259 320 2326 homines;
355 2259 533 2316 verecundiae
568 2280 626 2317 uon
662 2260 816 2326 offendere,
844 2261 873 2317 in
900 2280 958 2332 quo

73 2339 199 2395 maxime
222 2339 393 2414 perspicitur
414 2340 457 2395 vis
479 2339 583 2396 decori.
633 2340 688 2396 His
714 2340 799 2414 igitur
819 2342 958 2415 expositis

73 2419 158 2490 quale
173 2419 211 2474 sit
225 2418 263 2483 id,
280 2418 356 2489 quod
371 2418 471 2475 decere
487 2419 619 2483 dicimua
636 2419 811 2475 intellectum
825 2432 904 2494 puto.

114 2497 248 2555 Officium
269 2510 374 2562 autern,
391 2498 468 2570 qnod
489 2500 522 2555 ab
544 2519 578 2555 eo
600 2499 720 2563 ducitur,
736 2500 810 2556 hanc
834 2501 957 2574 primum

74 2577 158 2634 habet
179 2578 279 2644 viam‚†
294 2596 355 2647 quae
371 2578 494 2644 deducit,
511 2579 544 2634 ad
560 2579 787 2635 convenientiam
809 2598 958 2635 conservo·

72 2658 237 2728 tionemque
259 2668 385 2714 naturae:
410 2677 493 2728 quam
519 2659 543 2714 si
569 2677 722 2728 sequemur
742 2659 854 2722 ducem,
878 2677 958 2714 nurn-

72 2756 157 2807 quam
173 2738 375 2802 aberrabimuS,
386 2756 650 2808 consequetnurque
663 2748 692 2792 et
705 2737 743 2803 id,
755 2737 830 2808 quod
845 2749 956 2793 acutum

71 2828 100 2872 et
115 2817 267 2890 perspicax
281 2827 380 2873 natura
394 2828 457 2872 est:
485 2829 513 2871 et
534 2816 572 2881 id,
588 2817 662 2887 quod
679 2817 713 2872 ad
729 2818 876 2873 hominum
891 2835 958 2873 con·

71 2896 260 2952 sociationem
293 2894 554 2962 accommodaturn;
585 2908 614 2952 et
636 2896 675 2961 id,
700 2896 777 2968 quod
800 2896 956 2951 vehemens
983 2928 985 2934 ,

70 3007 120 3050 and
133 3006 303 3061 hchmhard.
336 3010 418 3052 “Nam
437 3021 492 3051 cum
513 3009 621 3063 (natura)
638 3014 733 3051 caeteras
751 3007 884 3050 animantes
895 3006 957 3062 abje-

70 3061 142 3104 osset
154 3060 183 3103 ad
194 3065 298 3115 pastum,
311 3062 387 3104 solum
405 3061 525 3105 hominem
537 3063 618 3114 erexit,
629 3062 658 3104 ad
671 3062 776 3114 coelique,
789 3062 856 3114 quasi
870 3072 958 3113 eogna·

70 3113 143 3157 tionis
155 3114 314 3176 domicililque
327 3114 427 3168 pristini.
438 3121 594 3170 conspectum
607 3115 742 3158 excitavit.”
761 3116 795 3157 Do
809 3115 879 3166 Legg.
891 3114 906 3156 l.
918 3113 939 3157 9.

104 3175 117 3198 *
133 3167 225 3221 oprimi
242 3179 366 3228 capuaque.
401 3169 528 3212 “Primum
548 3182 603 3222 erga
624 3169 740 3224 optimum
759 3179 887 3222 quemque,
906 3171 955 3211 tum

70 3213 153 3264 ordine
166 3233 222 3273 erga
233 3221 359 3274 requrros.”
378 3222 511 3265 Facciolati.

103 3274 210 3327 †Vt'nm.
246 3274 338 3317 Ernesti
349 3273 416 3322 edita,
430 3275 535 3328 patulum
548 3274 615 3319 lauet
626 3274 696 3318 ultim.
733 3275 794 3324 Vim,
806 3273 883 3316 which
895 3274 956 3319 J.l·'¹

70 3328 207 3377 Heusinger
219 3328 310 3381 adopts.
321 3327 378 3369 does
388 3332 430 3370 not
442 3341 531 3382 appear
544 3333 566 3370 to
579 3329 636 3371 have
651 3329 689 3370 tlte
701 3329 839 3382 supportes
853 3340 868 3370 a
879 3327 956 3381 single

69 3382 131 3429 MS„
145 3381 191 3422 and
202 3381 228 3422 ol'
237 3380 278 3424 but
289 3384 335 3423 two
348 3380 475 3435 preceding
483 3381 576 3425 editors.
610 3383 680 3425 From
690 3381 728 3423 the
739 3380 805 3424 verbs
816 3381 941 3436 employed
951 3393 956 3432 ;

68 3432 172 3482 deducit,
187 3434 235 3476 and
253 3434 437 3487 atterrautmnm
458 3447 494 3478 u'e
511 3447 566 3490 may
583 3435 656 3488 safely
669 3434 778 3478 consider
794 3435 857 3480 cium
876 3447 902 3478 as
918 3434 955 3481 tue

68 3487 200 3541 preferable
212 3486 319 3542 reading.
