2054 3946
329 511 401 558 Lis.
420 510 475 556 111.
508 511 584 557 CAP.
612 512 709 557 XXII.
900 519 959 573 233

69 613 139 679 tivis
152 620 392 697 impetravissent,
405 621 431 678 si
444 640 502 678 non
518 621 671 688 redierunt,
682 621 870 697 vituperandi.
913 622 958 681 De

74 700 182 773 quibus
197 720 253 758 non
268 720 369 758 omnes
383 720 440 758 nno
456 700 551 758 modo.
595 700 641 780 [N
644 700 706 778 am]
723 701 893 777 Polybius*
909 703 958 760 bo·

71 798 128 838 nus
151 790 249 837 auctor
269 781 299 837 in
320 781 420 856 primis
436 779 566 859 [scribit]
581 800 617 837 ex
638 780 737 838 decent
760 781 957 850 nobilissimis,

71 860 125 933 qui
140 869 200 917 tum
216 869 296 917 erant
308 860 400 927 missi,
416 878 520 917 novem
534 861 696 927 revertisse,
711 881 727 917 a
741 871 840 917 senetu
855 879 884 917 re
900 880 958 919 non

71 940 240 1015 impetrata:
265 958 354 996 unum
378 938 433 1017 [ex
455 938 572 1017 decern]
594 941 644 1011 qui
667 941 751 1015 paulo
774 950 849 1014 post,
872 959 957 1012 quam

70 1036 205 1095 egressus
220 1028 281 1076 erat
293 1037 310 1075 e
324 1019 434 1086 castris,
450 1018 581 1084 redisset,
596 1020 678 1091 quasi
693 1019 801 1091 aliquid
818 1030 895 1075 esset
909 1021 957 1077 ob-

70 1096 151 1166 litus,
165 1097 267 1156 Rornae
287 1099 470 1155 remansisse.
513 1098 619 1156 Reditu
638 1099 716 1155 enim
738 1100 768 1156 in
783 1109 873 1155 castra
887 1098 956 1157 libe·

70 1189 164 1235 ratum
176 1197 207 1234 se
220 1196 284 1234 esse
292 1178 478 1254 jurejurando
490 1178 748 1253 interpretabatur.†
781 1179 850 1236 Non
860 1190 954 1235 reete:

70 1255 148 1314 fraus
170 1257 247 1314 edirn
269 1257 425 1332 astringit,‡
445 1277 504 1314 non
524 1257 656 1315 dissolvit
680 1259 847 1334 perjurium.
890 1258 957 1316 Fuit

71 1336 159 1413 igitur
186 1337 271 1393 stulta
297 1335 447 1404 calliditas,
473 1356 606 1412 perverse
633 1338 741 1394 imitata
766 1337 954 1413 prudentiam.

71 1413 172 1488 ltaque
194 1415 321 1472 decrevit
344 1427 470 1482 senatus,
492 1426 524 1473 ut
547 1417 595 1473 ille
617 1427 756 1474 veterator
781 1427 810 1473 et
836 1417 955 1474 callidus

69 1495 184 1553 rinctus
199 1494 233 1551 ad
250 1495 440 1553 Hannibalem
457 1496 612 1553 dec-eretur.

112 1574 171 1632 Sed
192 1574 261 1631 illud
284 1576 458 1632 maximum:
481 1586 544 1632 octo
567 1575 714 1633 hominum
736 1575 827 1632 millia
844 1576 956 1632 tenebat

72 1652 227 1721 Hannibal,
242 1673 301 1711 non
322 1673 395 1726 quos
417 1655 446 1711 in
468 1656 529 1712 acie
544 1656 678 1731 cepisset,
695 1665 742 1710 aut
756 1656 805 1726 qui
827 1655 955 1729 periculo

70 1733 172 1791 mortis
187 1733 378 1810 diffugissent,
394 1734 444 1791 sed
460 1736 510 1806 qui
530 1735 621 1791 relicti
637 1735 665 1792 in
686 1735 786 1790 castris
802 1733 925 1790 luissent
937 1753 955 1789 n

70 1812 164 1870 Paulo
190 1823 219 1869 et
239 1833 257 1869 a
278 1812 412 1871 Varonne
441 1815 617 1871 consulibus.
669 1814 730 1870 Eos
757 1825 871 1870 senatus
897 1831 955 1871 non

70 1892 185 1950 censuit
197 1892 388 1958 redimendos,
403 1913 468 1950 curn
484 1893 512 1950 id
527 1912 613 1969 parva
626 1892 748 1968 pecunia
761 1892 822 1949 fieri
837 1903 954 1968 posset:

70 1981 103 2031 ut
115 1981 193 2028 esset
205 1973 324 2031 insitum
338 1974 476 2030 militibus
486 1973 591 2029 nostris
604 1973 782 2038 autvincere,
793 1984 840 2027 aut
854 1972 954 2028 emori.

70 2051 135 2115 Qua
157 2051 271 2123 quidem
300 2071 330 2109 re
352 2052 456 2118 audita,
480 2051 598 2108 fractum
629 2051 755 2107 animum
784 2050 955 2108 Hannibalis

69 2131 170 2188 scribit
183 2129 269 2198 idem,
283 2131 358 2203 quod
372 2142 486 2188 senatus
502 2131 683 2206 populusque
697 2130 856 2199 Romanus,
871 2131 956 2187 rebus

68 2209 194 2275 afflictis,
221 2221 277 2267 tarn
306 2211 421 2267 excelso
447 2209 541 2267 animo
567 2209 678 2266 luisset.
721 2209 771 2266 Sic
796 2210 955 2267 honestatis

70 2291 282 2364 comparatione
297 2309 340 2355 ea,
356 2308 419 2360 quae
434 2289 565 2346 videntur
579 2289 669 2354 utilia,
685 2289 845 2346 vincuntur.
889 2291 955 2347 Aci·

69 2369 126 2426 lius
151 2371 272 2443 autem,§
287 2370 336 2441 qui
359 2369 462 2426 Graece
485 2369 601 2444 scripsit
622 2368 780 2436 historiam,
797 2370 893 2445 plures
917 2370 956 2429 ait

376 2494 528 2539 CHAPTER
546 2494 652 2540 XXXII.

103 2563 250 2658 *Ροὶγὲὸόιικ
284 2563 376 2609 Libvi.
393 2564 430 2616 56,
448 2563 496 2626 and
513 2565 612 2609 A.Gell.
630 2563 669 2608 vii.
685 2564 719 2609 18.
754 2564 903 2608 Asentence
920 2575 956 2624 re·

67 2617 167 2661 marked
195 2617 261 2669 elovv,
273 2622 330 2661 note
341 2621 363 2670 4,
374 2629 400 2660 as
413 2617 499 2673 having
509 2617 650 2672 apparently
661 2617 719 2661 been
732 2617 841 2661 removed
853 2618 913 2660 from
925 2621 955 2660 rts

70 2682 157 2726 proper
185 2669 277 2723 osition,
289 2670 373 2714 should
376 2670 485 2767 perhaps
497 2670 595 2731 precede
607 2669 649 2731 tho¹
658 2675 760 2725 present.
818 2721 822 2731 1
905 2721 910 2730 ,

101 2721 118 2778 †
130 2723 158 2766 Iu
170 2724 342 2777 erpretobatur.
400 2723 429 2767 be
436 2722 580 2776 authorrtres‚
589 2736 615 2766 as
624 2724 684 2777 Livy
691 2724 782 2774 relates,
792 2722 879 2776 wrdely
887 2721 955 2765 differ

69 2787 96 2819 as
108 2779 133 2820 to
144 2775 209 2819 these
222 2780 261 2819 ten
274 2776 394 2831 captivos3
411 2776 536 2830 according
549 2780 656 2828 tasonis,
668 2780 767 2819 notone
783 2775 906 2818 returned:
924 2775 954 2818 de

67 2828 99 2873 lis
110 2828 225 2872 dedendis
238 2841 325 2882 magna
336 2830 490 2873 contentione
502 2829 526 2871 in
541 2833 626 2872 senatu
637 2841 704 2882 essc;
721 2829 850 2882 victosque,
880 2828 955 2871 aucis·

68 2894 117 2937 que
128 2882 259 2934 sententiis,
271 2883 311 2936 qui
330 2882 450 2925 dedendos
468 2883 611 2926 censuerint.
645 2882 727 2926 Mirari
744 2882 820 2936 magis
838 2894 852 2925 a
869 2893 897 2923 eo
909 2880 955 2924 dis-

68 2947 164 2990 crepare
177 2936 240 2999 inter
248 2940 360 2994 auctores,
368 2947 439 2990 quern
449 2935 505 3006 quid
515 2935 567 2997 veri,
575 2934 612 2998 sit³
620 2934 752 2997 discernere
763 2947 844 2997 queas,
852 2933 909 2996 rsit.
917 2934 954 2979 61.

66 2989 621 3104 matam,castrametata
628 2987 954 3104 paratumst

69 3104 173 3192 prlepirrry
186 3108 205 3173 as
215 3095 374 3190 bmtbemlleh
387 3095 429 3138 but
440 3094 554 3177 'rendered
571 3105 643 3189 triloreh
653 3096 771 3190 «ἔτηέιηαί.
805 3096 954 3191 Erlnestrfrrn·

68 3159 109 3263 hl
127 3153 217 3261 helil
228 3158 426 3254 ,¹¹¹,lllihtll
443 3159 782 3255 ttttttatthattth
793 3158 954 3246 ”ithess

68 3266 157 3317 singer,
176 3254 269 3308 indeed,
280 3258 387 3310 suspects
398 3253 436 3298 the
449 3253 525 3297 whole
541 3265 642 3308 passage
653 3253 715 3296 from
728 3264 778 3298 non
788 3254 848 3298 recte
861 3258 885 3298 to
898 3263 954 3310 per·

89 3320 183 3351 orrum.

68 3320 84 3363 '7
105 3359 225 3415 §Acilius
243 3360 331 3404 aulem.
365 3361 428 3404 Here
445 3360 465 3403 is
482 3370 514 3402 an
530 3357 625 3403 evident
635 3362 701 3403 want
711 3360 740 3403 of
752 3359 903 3404 connexion:
920 3358 953 3416 by

68 3426 135 3458 some
147 3425 229 3456 means
241 3413 287 3456 tbis
299 3413 429 3467 paragraph
441 3412 462 3455 is
474 3415 515 3455 out
526 3411 554 3454 of
568 3412 649 3473 place:
667 3411 741 3457 either
751 3413 769 3457 it
780 3412 864 3457 should
876 3412 905 3458 be
915 3418 953 3459 'tu-

69 3467 183 3512 troducod
196 3466 271 3510 bet'oro
282 3463 322 3509 the
335 3467 451 3510 reference
462 3469 486 3510 to
498 3464 617 3520 Polybius.
626 3477 653 3510 or
660 3466 739 3510 follow
746 3468 778 3512 od
790 3465 953 3519 Hannibalem

68 3520 196 3564 taceretur
204 3535 214 3561 r
229 3519 309 3564 unless
319 3519 406 3565 indeed
416 3518 455 3565 the
467 3521 592 3637 segffiuces
604 3519 665 3565 hom
673 3519 791 3567 sodidum
803 3518 945 3716 Μ.
