2054 3946
112 205 166 259 188
427 196 475 243 na
492 196 681 243 orrrcrrs.

107 323 180 376 quae,
198 304 344 364 Cannensi
365 306 523 363 calamitate
538 316 663 381 accepta,
677 305 806 380 majores
821 305 929 363 anirnos
940 304 983 363 ha·

105 385 165 442 huit
189 406 275 458 quam
298 405 422 459 unquam
449 387 532 443 rebus
560 384 724 443 secundis*
765 385 858 441 Nulla
885 386 982 443 timoris

105 465 286 540 significatio,
299 467 375 523 nulla
388 466 495 523 mentio
510 466 599 541 pacis.
641 465 738 522 'Penta
751 466 797 521 ris
812 475 858 521 est
869 465 981 531 honesti,

104 556 136 600 ut
150 548 276 620 speciem
291 546 418 602 utilitatis
434 546 575 601 obscuret.

143 626 333 681 Athenienses
342 642 406 681 eum
421 625 572 682 Persarum
585 624 725 698 impetum
738 622 916 681 nullomodo
927 642 982 699 pos·

104 714 168 759 sent
182 706 330 771 sustinere,
343 714 563 775 statueremque,
573 714 604 758 ut
617 704 686 760 urbe
700 702 810 769 relicta,
822 704 980 779 conjugibm

104 792 133 835 et
159 783 255 840 liberis
284 782 440 840 'l'roezcnei
466 782 613 857 depositis,
638 800 725 838 naves
752 782 978 849 conscenderent,

104 859 318 934 libertatemque
348 863 467 920 Graeciae
489 862 579 918 classe
604 860 812 928 defenderent;
841 861 978 936 Cyrsilum

104 942 255 1008 quemdam
277 943 443 999 suadentem
458 942 533 998 utin
548 941 615 997 urbe
631 952 790 1006 manerent,
804 940 978 1017 Xerxemque

104 1020 270 1095 reciperent,
286 1022 426 1095 lapidibus
452 1031 668 1095 cooperuerunt.
711 1020 803 1091 Atqui
823 1020 874 1077 ille
888 1020 978 1077 utilita-

104 1108 161 1156 tem
188 1102 269 1171 sequi
295 1100 457 1157 videbatur:
487 1100 538 1157 sed
562 1119 595 1157 ea
620 1100 697 1157 nulla
719 1111 791 1167 erat,
812 1110 977 1175 repugnante

104 1177 260 1236 honestate.
571 1220 576 1229 .

143 1258 353 1314 'l'lremistocles
375 1269 441 1333 post
464 1258 609 1315 victoriam
635 1259 697 1333 cjus
721 1258 801 1324 belli,
821 1256 901 1329 quod
920 1274 976 1315 eum

104 1335 200 1393 Persis
215 1338 277 1402 suit,
290 1338 362 1393 dixit
382 1339 411 1393 in
433 1338 580 1404 concione,
596 1356 626 1393 se
642 1337 744 1393 habere
766 1338 919 1394 consilium
932 1336 976 1393 rei·

102 1417 220 1490 publicae
236 1418 364 1483 salutare,
376 1416 426 1473 sed
440 1415 469 1472 id
484 1418 577 1489 sciri,‡
590 1436 648 1473 non
663 1434 736 1491 opus
748 1418 842 1490 esse.§
884 1416 975 1474 Postu·

101 1495 179 1562 lavit,
194 1508 225 1552 ut
243 1498 366 1568 aliquem
382 1496 504 1572 populus
519 1496 606 1562 daret,
620 1496 736 1568 quicum
751 1496 974 1553 communicaret.

102 1573 191 1632 Datus
205 1588 248 1632 est
261 1575 411 1633 Aristides.
455 1575 532 1632 Huic
547 1576 605 1640 illc,
618 1576 737 1631 classem
754 1574 976 1633 Lacedaemonio

100 1672 251 1727 rumque
272 1654 410 1711 subducta
432 1664 509 1710 esset
533 1653 568 1710 ad
584 1655 757 1729 Gytheuml
774 1654 850 1711 clam
871 1652 974 1711 incendi

99 1753 203 1808 posse;
226 1755 282 1807 quo
294 1735 377 1799 sacto,
390 1734 480 1808 frangi
490 1733 773 1789 Lacedaemoniorum
783 1751 855 1809 opes
868 1752 975 1791 neeesse

99 1824 184 1869 esset.
238 1813 322 1879 Quod
344 1813 484 1870 Aristides
509 1832 573 1869 cum
599 1812 734 1878 audisset,
756 1813 786 1869 in
815 1814 973 1871 concionem

99 1911 201 1967 magna
221 1894 418 1967 expectatione
440 1893 526 1959 venit,
542 1892 680 1963 dixitque,
696 1892 817 1966 perutile
833 1910 898 1949 esse
917 1910 975 1949 eou-

98 1972 204 2038 silinm,
228 1972 304 2043 quod
330 1972 540 2028 Themistocles
568 1970 690 2037 afferret,
710 1971 762 2027 sed
786 1971 908 2029 minime
933 1958 975 2029 hd

98 2143 226 2194 (teroham,
238 2146 258 2188 is
271 2146 342 2189 found
361 2146 386 2189 in
398 2147 487 2190 several
498 2146 605 2191 valuable
616 2146 691 2199 Mss,
703 2145 751 2189 and
763 2158 843 2190 seems
857 2154 973 2201 nmen!

98 2203 122 2242 tn
135 2199 252 2251 corripiete
265 2199 303 2241 the
316 2211 392 2243 sensc.

131 2254 143 2281 *
159 2252 268 2311 Unquam
279 2254 346 2295 rubus
358 2253 471 2297 autentu.
490 2252 540 2298 Liv.
549 2251 617 2296 xxiii.
631 2253 666 2296 14.
690 2252 751 2296 Flor.
764 2251 787 2295 ii.
796 2252 820 2296 6.
832 2253 870 2297 31.
904 2250 974 2297 rnre

97 2308 252 2347 transactione
263 2306 377 2360 certainly
387 2306 458 2348 afford
471 2307 541 2355 oroof
549 2306 576 2348 of
591 2305 628 2349 the
640 2304 713 2359 spirit,
724 2305 870 2359 unanimity,
881 2306 928 2351 arad
939 2316 974 2361 pe·

97 2358 145 2418 licy
156 2357 184 2399 os
198 2358 236 2419 the
249 2359 360 2419 [ternans.
395 2359 449 2402 Had
465 2360 520 2414 they
532 2360 589 2403 then
607 2359 677 2413 given
694 2370 748 2413 wey
765 2362 789 2402 to
808 2358 974 2415 despondente,

97 2411 156 2455 their
168 2423 221 2454 rum
233 2424 283 2453 was
295 2411 426 2455 urcvitnble.

130 2464 277 2518 flueretis.
312 2465 371 2507 This
388 2464 408 2507 is
426 2477 439 2508 a
456 2470 520 2509 town
538 2464 565 2507 cs
581 2464 681 2518 Argolis,
693 2463 719 2507 in
738 2463 777 2508 the
794 2464 973 2519 Peloponnesus

98 2518 150 2561 The
163 2518 207 2559 fate
220 2519 247 2559 of
256 2518 359 2571 Cyrsilus
371 2518 390 2559 is
405 2518 540 2562 mentioned
552 2518 583 2572 by
597 2518 767 2561 Demosthenes
781 2518 843 2573 (περὶ
856 2516 970 2571 Στεφάνου)

97 2570 151 2612 ruho
159 2571 224 2614 adds.
236 2571 285 2613 that
297 2571 334 2613 the
346 2570 465 2615 Athenien
475 2584 569 2615 women
583 2571 687 2615 inflicted
697 2570 736 2615 the
746 2582 813 2614 saure
824 2569 973 2624 punishment

98 2636 129 2667 on
137 2624 175 2666 the
187 2624 239 2666 wife
250 2624 277 2666 ol
285 2624 395 2677 Cyrsiius

131 2682 143 2727 ss
160 2677 226 2720 Sciri.
261 2677 371 2732 Pantuty
383 2678 481 2721 hunrun.

131 2729 145 2783 ξ
159 2731 212 2774 Non
224 2743 280 2783 opus
291 2736 356 2773 esse:
381 2733 414 2773 As
423 2728 503 2784 Ἔργον
515 2730 560 2771 ἐστὶ
573 2730 598 2774 in
610 2730 693 2782 Greek,
705 2741 732 2772 so
743 2742 805 2783 opus
818 2730 971 2779 eebor-stne

96 2783 131 2827 est
143 2783 168 2826 in
183 2784 259 2834 Latin,
268 2784 287 2826 is
298 2783 422 2837 employed
434 2788 457 2826 to
469 2782 556 2839 signify
565 2784 648 2838 utility‚
661 2796 686 2825 or
698 2782 785 2838 injury.
816 2784 851 2827 De
864 2786 903 2827 Or.
912 2781 973 2826 itit.

97 2837 188 2889 “Quod
203 2849 252 2879 nou
267 2837 343 2898 solum
360 2837 496 2912 quodopus
514 2842 574 2898 esset
594 2837 688 2889 diceres
701 2836 743 2879 sed
760 2836 834 2896 etiam
855 2836 920 2891 quod
930 2845 973 2896 nort

96 2888 973 3005 lahlislsllfhlil’lnihili}rs,illisiliilitghlerssesihffrlleiiffiiffld

97 2995 269 3091 ppnmrghgbe
281 2996 414 3050 prevented.
447 2997 539 3041 Plutrn
549 2998 657 3049 Aristide,
666 3000 689 3039 et
701 2995 870 3040 Themistocle.
904 2994 973 3039 Valet.

104 3060 165 3091 ax.
177 3062 207 3091 vr.
235 3079 241 3091 .

131 3100 139 3151 l
157 3101 284 3154 Gytheum.
319 3103 403 3154 Γύθιον,
416 3113 442 3144 or
454 3102 549 3145 Γύθειον.
584 3100 642 3144 This
656 3113 705 3144 was
723 3099 762 3145 the
780 3098 972 3147 Lacedaemoniun

86 3153 332 3264 pfntrpnytrivaxrpv.
344 3155 372 3200 38
378 3159 429 3255 phet
445 3154 484 3255 tpe
498 3154 610 3208 distance,
621 3166 648 3198 es
658 3154 771 3209 Polybius
784 3168 850 3212 says,
858 3155 898 3200 lib.
909 3166 930 3199 v.
942 3152 974 3201 ld,

149 3222 157 3252 r
209 3222 222 3252 s
266 3222 289 3255 ta
313 3222 364 3256 rom
404 3222 489 3267 ecty.
