2054 3946
376 460 513 506 Lin111.
547 460 624 507 CAP.
636 460 656 504 1.
901 466 955 521 lde

67 571 121 645 qui
133 569 188 627 suit
205 568 263 626 sere
278 567 339 644 ejus
355 570 502 643 aequalis,l
525 570 712 643 “Nunquam
730 588 761 626 se
777 569 871 626 minus
886 572 956 628 otio-

68 669 136 707 sum
153 667 228 716 esse,
244 667 328 720 quarn
343 668 408 706 cum
422 650 549 706 ebosus:
576 669 628 706 nee
641 650 735 705 minus
750 649 854 716 solum,
870 668 955 721 quarn

69 747 138 787 cum
158 729 238 785 solus
253 727 360 785 esset.’'
403 728 559 804 Magnifica
573 748 639 785 vero
654 749 720 795 vox,
735 741 763 785 et
777 749 879 804 magno
895 731 955 786 viro

71 828 104 866 ac
118 808 247 884 sapiente
259 806 362 884 digna:
385 826 447 879 quae
462 807 593 875 declarat,
604 808 683 865 illum
699 819 728 864 et
741 809 770 865 in
785 810 843 864 otio
858 808 892 864 dc
907 829 955 865 ne-

71 888 158 964 gotiis
179 887 313 963 cogitare,
329 897 358 943 et
378 887 407 943 in
428 887 580 944 solitudine
602 906 698 944 secum
720 888 799 959 loqui
820 888 954 955 solitum;

72 977 104 1025 ut
117 986 211 1039 neque
226 977 350 1022 cessaret
370 984 504 1038 unquam,
520 978 548 1023 et
563 967 703 1023 interdum
725 967 867 1038 colloquio
889 968 955 1023 alte-

72 1047 131 1104 rius
147 1065 205 1103 nou
220 1056 325 1121 egeret.
366 1045 410 1102 Ita
424 1044 484 1102 duae
499 1065 555 1112 rcs,
571 1066 633 1119 quoe
654 1046 820 1122 languorem
836 1047 956 1103 afferunt

73 1126 187 1192 ceteris,
203 1125 284 1181 illum
298 1125 444 1191 acuebant,
460 1126 547 1183 otium
562 1138 590 1181 et
604 1125 737 1182 solitudo.
780 1126 892 1182 Vellem
907 1145 956 1183 no·

72 1205 119 1262 bis
139 1205 195 1262 hoc
216 1203 292 1261 idem
313 1204 408 1261 dicere
427 1205 543 1262 liceret:
566 1204 616 1261 scd
638 1205 777 1261 siminus
800 1206 955 1262 imitatione

74 1293 181 1341 tautam
196 1284 304 1359 ingenii
318 1286 509 1359 praestantiam
527 1285 664 1356 consequi
677 1303 842 1360 possumus,
859 1285 957 1341 volun·

75 1373 130 1422 tate
156 1375 231 1421 certe
259 1364 389 1439 proxime
417 1364 587 1420 accedimus
632 1364 708 1420 Nam
730 1374 758 1420 et
778 1383 793 1418 a
815 1364 958 1438 republica

75 1443 293 1514 forensibusque
314 1443 436 1519 negotiis
458 1444 543 1500 armis
566 1443 677 1518 impiist
703 1444 785 1516 vique
811 1444 956 1519 prohibiti,

75 1524 167 1580 otium
188 1523 403 1598 persequimur:
428 1532 456 1580 et
476 1524 512 1579 ob
533 1542 595 1580 eam
617 1542 742 1591 causam,
756 1524 824 1579 urbe
850 1523 957 1588 relicta,

74 1622 142 1660 rura
154 1614 345 1678 peragrantes,
361 1621 437 1677 saepe
452 1603 506 1658 soli
522 1621 630 1659 sumus.

116 1681 175 1738 Sed
189 1701 241 1738 nec
260 1681 419 1738 boeotium
435 1700 500 1738 cum
514 1681 640 1739 Africani
654 1681 722 1746 otio,
738 1701 790 1738 uec
811 1680 871 1736 hacc
893 1681 958 1737 soli-

75 1761 146 1818 tudo
166 1780 232 1818 oum
247 1761 296 1817 illa
315 1760 505 1837 comparanda
518 1771 571 1818 est.
613 1761 664 1818 Ille
679 1761 756 1817 enim
778 1761 958 1831 requiescens

76 1861 94 1898 a
106 1841 271 1916 reipublicae
287 1840 485 1916 pulcherrimis
500 1841 663 1897 muneribus
679 1841 768 1896 otium
790 1840 845 1895 sibi
866 1858 960 1895 sume·

74 1921 125 1979 bat
139 1919 300 1992 aliquando,
314 1931 341 1976 et
355 1940 371 1976 a
385 1931 458 1977 coetu
480 1919 628 1977 bominum
650 1919 861 1990 frequentiaque
877 1919 960 1975 inter-

76 2000 157 2069 dum,
173 2011 316 2071 tamquam
331 2000 360 2057 in
375 2010 497 2075 portum,
511 2018 541 2056 se
556 2001 585 2057 in
600 1999 780 2056 solitudinem
796 1999 959 2073 recipiebat.

78 2080 219 2143 Nostrum
234 2090 326 2135 autern
341 2081 430 2137 otium
445 2079 552 2154 negotii
567 2079 673 2154 inopia,
689 2097 746 2134 nou
762 2077 959 2150 requiescendi

76 2158 183 2226 studio,
199 2159 381 2216 constitutum
396 2168 449 2215 est.
491 2159 643 2216 Exstincto
664 2158 739 2214 enirn
761 2169 870 2224 senatu,
887 2157 961 2214 dele·

77 2239 174 2310 tisqne
184 2237 330 2314 judiciis,‡
339 2237 407 2310 quid
422 2248 465 2294 est
477 2238 553 2310 quod
563 2238 679 2314 dignum
690 2237 772 2294 nobis
784 2239 872 2295 autin
884 2238 961 2294 curia

78 2327 129 2377 ent
142 2319 172 2375 in
186 2318 248 2374 soro
263 2335 344 2392 agere
359 2318 525 2392 possimus?

117 2396 163 2453 Ita
177 2397 226 2468 qui
240 2396 269 2453 in
283 2398 408 2453 maxima
421 2397 580 2454 celebritate
596 2408 679 2469 atque
700 2397 729 2452 in
751 2397 841 2454 oculis
856 2397 961 2454 civium

78 2475 224 2548 quondam
237 2476 371 2543 viximus,
387 2495 462 2532 nunc
482 2477 622 2552 fugientes
645 2489 829 2552 conspectum
844 2478 962 2534 seelera·

79 2564 183 2622 torum,
200 2556 301 2626 quibus
316 2555 412 2611 omnia
425 2554 591 2621 redundant,
603 2555 731 2612 abdimus
746 2575 809 2622 nos,
826 2569 961 2627 quantum

80 2635 158 2701 licet,
173 2646 202 2691 et
215 2653 290 2708 saepe
304 2635 358 2690 soli
373 2653 482 2691 sumus.
521 2634 582 2691 -Sed
598 2635 665 2706 quia
679 2636 720 2690 sic
742 2636 775 2692 ab
797 2635 961 2691 hominibus

81 2713 173 2771 doctis
189 2713 361 2788 accepimus,
376 2733 433 2770 nou
454 2713 547 2770 solum
563 2733 599 2770 ex
614 2714 697 2770 rnalis
719 2714 823 2789 eligere
846 2715 963 2769 minima

81 2804 230 2870 oportere3
253 2792 402 2849 sedetiam
424 2811 575 2868 excerpere
591 2811 627 2848 ex
641 2793 686 2848 his
701 2793 782 2868 ipsis,
798 2793 822 2848 si
838 2791 904 2864 quid
921 2792 961 2848 iu·

428 2964 579 3009 CHAPTER
598 2965 618 3008 Ι.

115 3049 260 3111 *AEqucltn
288 3050 352 3111 ¹Cato
369 3048 408 3092 the
425 3061 509 3093 eeusor
520 3062 569 3092 was
580 3061 646 3093 some
658 3061 727 3104 years
739 3059 845 3144 youuqer
857 3047 912 3090 than
923 3047 965 3109 the

80 3104 132 3148 first
143 3104 222 3158 Scrpro
242 3103 383 3146 Africanus:
401 3103 469 3147 when
486 3103 525 3146 the
543 3103 610 3147 latter
623 3115 672 3146 was
689 3113 806 3157 proconsu
832 3113 857 3143 ru
876 3101 965 3153 Africa,

82 3157 142 3202 Cato
152 3169 202 3199 was
213 3155 250 3199 his
260 3161 366 3210 quaestor.

114 3209 225 3268 †Armb
243 3209 330 3263 tnrptts.
363 3208 458 3268 Atthis
476 3209 540 3263 time,
554 3210 587 3254 Μ.
600 3211 705 3263 Antouy,
717 3206 787 3250 when
808 3205 837 3250 he
855 3207 966 3268 attendent

81 3262 229 3358 thedsenate,
242 3274 290 3305 was
308 3263 478 3317 accompanied
491 3263 545 3318 byn
558 3263 631 3317 guard
644 3263 672 3305 of
686 3260 766 3304 armed
776 3272 840 3304 men.
872 3261 930 3304 Phd.
942 3273 966 3304 u·

83 3328 115 3360 an
144 3328 166 3359 vt

117 3373 129 3420 ss
148 3368 280 3422 Deleltrque
294 3365 414 3422 judiciis:
444 3368 482 3414 tlte
503 3367 694 3413 administratam
719 3364 748 3422 (ff
764 3365 855 3422 jetelice
878 3366 967 3423 having

81 3422 166 3521 qqaaed
200 3424 286 3466 Brutus
298 3421 345 3465 aud
357 3421 457 3476 Cassius,
470 3422 509 3465 the
521 3425 622 3477 praetore,
633 3421 679 3465 had
691 3419 750 3466 been
762 3419 855 3475 obliged
865 3423 889 3464 to
902 3420 967 3466 leave

106 3487 161 3519 ome
