2054 3946
359 486 429 532 ΗΡ.
446 485 484 531 11.
516 486 670 532 canxtl.
900 492 952 545 131

71 604 114 653 rat
127 594 206 670 apud
220 594 472 670 Theopompum*
488 614 604 671 magnae
620 615 689 671 opus
705 595 811 661 habuit,
825 606 853 650 et
867 595 956 651 multo

71 676 195 751 majores
212 673 370 735 Viriathum
392 674 556 740 Lusitanus,
572 675 618 730 cui
634 675 749 745 quidem
770 676 853 731 etiam
877 693 956 731 exer-

70 755 144 811 citus
170 753 259 810 nostri
284 752 526 827 imperatoresque
553 767 718 810 cesserunt:
741 773 826 824 quom
842 754 878 809 (J.
894 754 956 810 Lm·

69 833 155 905 lina,‡
168 833 203 898 is,
220 832 268 903 qui
289 833 403 907 sapiens
424 843 585 907 usurpatur,
600 846 702 908 praetor
723 833 815 907 fregit,
832 846 859 888 ut
880 852 956 889 com-

69 912 184 977 minuit,
211 910 443 982 ferocitatemque
476 913 538 988 ejus
572 913 611 969 ita
646 914 790 987 repressit,
813 925 844 968 nt
875 912 955 968 facile

68 991 179 1057 bellum
203 990 322 1061 reliquia
350 991 480 1048 traderet.
523 991 598 1048 Cum
623 992 708 1066 igitur
734 1002 808 1047 tanta
832 992 873 1047 vis
895 993 956 1068 jus·

70 1068 140 1127 titia
155 1070 203 1135 ait,
213 1081 245 1127 ut
257 1089 291 1125 ea
304 1071 388 1127 etiam
403 1071 544 1127 latronum
559 1090 629 1145 opes
644 1072 737 1127 linnet
751 1084 834 1142 atque
845 1082 955 1145 augeat,

71 1159 207 1222 quantam
228 1148 291 1224 ejus
308 1150 366 1207 vim
386 1151 460 1206 inter
480 1151 558 1224 leges
580 1161 608 1206 et
625 1151 734 1226 judicia
755 1151 784 1206 in
806 1152 957 1207 constituta

69 1229 220 1305 republica
234 1229 293 1285 sore
308 1230 461 1304 putanrual

74 1357 165 1416 cnP.
188 1358 257 1416 XII.
302 1357 396 1434 Cujus
423 1357 465 1415 rei
480 1377 570 1416 carrae
591 1376 675 1434 regor
701 1358 856 1415 corratitutr'
884 1358 955 1423 aiut,

112 1456 166 1501 nee
179 1456 240 1495 non
254 1445 281 1494 et
295 1435 395 1514 leger,-
413 1455 479 1515 quae
494 1438 533 1494 ait
548 1438 598 1495 uio
608 1436 801 1514 proximanti
814 1435 954 1512 gloriata.

113 1549 196 1606 Mun
211 1547 326 1620 quidem
341 1568 399 1605 non
421 1549 496 1624 apntl
511 1549 615 1607 Medos
630 1550 732 1614 solum,
749 1560 780 1607 ut
793 1550 831 1604 ait
845 1549 957 1606 llerod·

75 1630 167 1701 otua‚§
182 1628 233 1685 sed
248 1629 331 1684 etiam
346 1628 421 1702 apud
433 1630 554 1704 majores
569 1640 689 1695 nostros,
702 1630 819 1704 justitiae
832 1629 956 1685 fruendae

75 1726 172 1773 eattae,
202 1707 331 1763 videntur
356 1708 424 1764 olim
453 1710 525 1765 bene
555 1709 653 1764 morati
687 1728 768 1782 reges
801 1708 955 1764 constituti.

76 1787 154 1845 Nam
169 1806 234 1843 oum
249 1798 424 1860 premeretur
448 1788 531 1862 inops
556 1787 706 1843 multitudo
721 1789 754 1843 ab
770 1788 814 1850 iia,
832 1787 880 1857 qui
901 1807 958 1842 ma·

78 1867 158 1943 jores
178 1885 249 1941 opes
270 1866 419 1931 habebant,
436 1867 470 1922 ad
492 1885 580 1922 unum
602 1866 725 1936 aliquem
748 1867 957 1940 confugiebant,

76 1947 179 2003 virtute
200 1954 397 2020 praestantem
420 1948 468 2016 qui
484 1965 548 2002 eum
571 1946 732 2020 prohiberet
753 1946 856 2020 injuria
869 1946 958 2001 terrui·

75 2044 152 2090 ores,
168 2026 299 2096 aequitate
321 2025 518 2081 constituenda
538 2044 665 2081 summos
687 2044 751 2079 curn
774 2025 881 2080 intimis
898 2026 957 2097 pari

69 2174 73 2181 ·
80 2104 146 2180 jure
162 2105 283 2161 tenebat.
326 2103 494 2175 Eademque
515 2102 775 2160 constituendarum
796 2105 891 2178 legum
907 2103 960 2159 suit

75 2202 173 2250 eausa,
196 2202 258 2254 quae
279 2201 388 2258 regum.
431 2184 484 2240 Jus
506 2185 582 2239 enirn
604 2201 718 2257 semper
739 2192 783 2239 est
808 2183 958 2255 quaesitum

76 2264 216 2335 aequabile
230 2282 237 2318 τ
260 2281 351 2333 neque
367 2264 443 2319 enirn
459 2264 538 2319 aliter
552 2274 628 2318 esset
639 2263 697 2337 jue.

117 2342 151 2400 Id
166 2343 191 2398 si
206 2344 308 2399 eburno
320 2343 399 2417 justo
414 2354 442 2398 et
453 2344 527 2399 bono
541 2342 600 2398 viro
612 2343 867 2413 consequebantur,
881 2352 961 2398 erant

76 2441 112 2479 eo
139 2423 274 2478 contenti.
317 2422 392 2478 Cum
415 2422 443 2478 id
465 2423 559 2477 minua
585 2422 770 2496 contingeret,
794 2423 872 2498 leges
895 2432 960 2478 sunt

76 2503 211 2566 inventae,
228 2519 289 2571 quae
311 2519 376 2557 eum
398 2501 530 2556 omnibus
552 2520 665 2575 semper
679 2521 735 2556 una
756 2512 838 2572 atque
860 2502 960 2557 earlern

77 2598 149 2638 voce
163 2580 354 2650 loquerentur.
398 2579 477 2654 Ergo
499 2581 553 2635 hoc
569 2579 682 2651 quidem
705 2582 887 2655 perspicuum
906 2590 959 2645 est,

78 2677 129 2716 eoa
145 2657 179 2714 ad
200 2659 397 2734 imperandum
419 2658 505 2734 deligi
526 2661 775 2732 solitoS,quoru1n
798 2660 832 2716 tle
850 2661 961 2734 justitia

78 2783 98 2827 is
108 2783 231 2831 rendered,
242 2786 390 2839 “Burgulur,
399 2797 414 2827 n
422 2784 505 2881 lpirate
517 2795 582 2839 upon
591 2783 628 2828 tbe
638 2796 678 2829 eea
688 2784 715 2841 (ff
727 2784 820 2838 Ittiry.”
855 2783 913 2826 'stria
925 2794 962 2825 ae-

78 2841 165 2881 counts
175 2837 211 2881 for
221 2838 259 2880 the
272 2839 335 2889 alias,
347 2851 374 2881 aa
387 2851 421 2880 we
457 2851 482 2880 us
502 2838 536 2881 sor
553 2837 592 2881 tlte
612 2840 687 2881 “now
705 2831 835 2887 vocation,”
848 2837 874 2880 in
886 2836 961 2880 which

79 2890 148 2935 snat.
173 2902 226 2934 care
239 2892 319 2935 makes
332 2890 380 2934 him
392 2891 481 2935 labour.

96 2947 126 3006 ᾖ
161 2944 310 3000 beopompur.
344 2947 365 2989 A
384 2945 452 3040 puptl
467 2944 494 2986 ot'
510 2945 633 3006 Isocrates,
648 2943 701 3005 urbo
719 2948 791 2986 wrote
810 2954 842 2985 on
862 2940 962 2986 Greeian

79 2995 177 3060 lnatory.
190 3050 195 3060 ι
211 2998 279 3042 Corn.
292 3000 353 3052 Nep.
365 2997 420 3058 inA
433 2997 477 3059 qrb.
489 3010 508 3040 e.
521 3001 554 3041 rt.
588 2998 688 3048 Qumttl.
700 3008 723 3058 x.
737 2999 756 3039 l.
769 2998 812 3057 74.ι
923 3047 928 3056 Ι

80 3049 962 3165 0.llanturatttutrtrltttt‘tlt..tltlttttttttettttt

79 3157 128 3200 aelt'
142 3156 250 3200 sourteen
262 3169 331 3210 years
343 3157 436 3210 against
448 3156 507 3200 tberr
519 3168 613 3211 power3
632 3157 680 3199 and
692 3156 731 3199 seli
744 3160 767 3198 at
778 3154 866 3210 length,
878 3157 921 3197 not
930 3153 962 3209 by

79 3209 140 3254 their
151 3221 222 3261 arms,
234 3208 276 3253 but
289 3209 319 3265 by
331 3209 458 3264 treachery.
492 3209 587 3254 Flauii.
600 3212 634 3254 17.

114 3267 126 3315 ss
139 3263 235 3308 Laetius.
269 3264 362 3317 Protor,
372 3265 402 3308 A.
411 3265 439 3308 U.
447 3263 532 3307 C.609.
566 3263 601 3307 De
614 3261 733 3316 Amicitia,
744 3273 765 3304 c.
774 3272 830 3306 xxv.

410 3363 560 3408 CHAPTER
576 3363 632 3407 XII.

114 3448 128 3503 ξ
142 3447 283 3510 Herodotus.
304 3449 341 3494 He
353 3449 443 3504 relatea,
455 3448 494 3493 ttb.
507 3451 527 3504 t,
537 3447 570 3505 by
577 3448 642 3494 what
652 3460 736 3494 meana
747 3448 846 3495 Deioces
855 3448 963 3496 obtained

81 3502 121 3547 tua
131 3505 288 3556 eouerergnty.

977 3614 994 3711 t
