2054 3946
86 174 143 229 264
395 167 442 214 on
468 167 663 216 aurcrrnt.

86 274 206 341 Apollinis
226 278 322 326 oraculo
339 276 541 341 sapientissimum
563 277 704 342 judicatum.
738 275 814 326 Hanc
832 294 885 328 esse
905 278 932 328 in
947 286 970 329 ts

85 342 225 408 sapientiam
235 345 379 402 existimant,
387 352 415 393 ut
425 346 506 393 omnia
513 354 555 394 tua
563 345 589 393 in
601 353 624 393 te
633 344 710 407 posita
717 343 799 402 ducas,
808 345 970 410 humanosque

85 428 155 460 cauus
175 409 260 460 virtute
281 411 402 459 inferiores
421 421 498 474 putes.
532 412 615 474 ltaque
634 426 665 459 ex
688 426 727 459 mo
745 420 866 473 querunt,
886 413 970 477 (credo,

85 479 142 527 item
157 493 187 525 ex
200 490 230 535 te,
242 479 360 544 Scaevols)
375 495 480 540 quonam
497 487 566 541 pacto
584 486 683 527 mortem
696 477 805 526 Africani
817 478 887 539 seras,
899 496 971 544 coquo

85 546 169 606 tnagis,
182 546 251 609 quod,
263 544 302 593 his
319 545 435 607 proximis
446 545 533 603 Nonis,
544 560 600 593 cum
612 546 638 593 in
650 545 731 593 hortos
741 544 772 593 D.
784 545 858 595 Bruti
870 549 970 609 auguris,

85 612 262 660 commentandi
279 628 358 668 causa,
376 620 405 660 ut
422 614 516 670 assolet,
532 612 688 669 venissemus,
705 618 733 660 tu
748 627 800 660 non
818 612 917 674 affuisti,
934 615 970 677 qui

85 679 265 739 diligentissimo
283 694 376 742 semper
393 679 461 728 illum
478 679 549 739 diem,
566 687 590 728 et
610 678 668 727 illud
685 694 784 738 munus,
802 681 890 731 solitus
910 698 970 731 esses

85 746 157 795 obire.

119 811 230 862 Scaevolrr.
248 813 366 871 Quaenmt
377 813 480 876 quidem,
493 810 522 861 C.
535 812 602 870 Leti,
613 811 690 868 multi,
702 819 731 861 ut
742 819 779 861 est
790 829 806 860 a
817 813 915 863 Fannio
926 814 970 864 dio·

86 885 150 927 tum:
169 881 211 928 sed
222 896 266 940 ego
284 879 308 926 id
325 881 463 943 respondeo,
475 881 537 942 quod
555 878 718 935 animadverti,
729 886 754 927 ts
770 880 886 939 dolorem,
903 898 969 944 quom

85 947 210 1009 acceperis.
222 963 277 995 cum
289 947 378 995 summi
389 947 440 1005 viri,
452 956 504 995 tum
515 945 652 995 amicissimi
666 954 750 1004 morte,
761 946 822 996 serre
839 949 969 998 moderate:

85 1027 130 1060 noc
141 1014 246 1077 potuisse
264 1029 314 1061 non
325 1014 477 1072 commoveri,
488 1030 533 1062 nec
544 1013 617 1062 luisse
628 1013 652 1061 id
664 1012 821 1062 humanitatis
833 1023 893 1063 tua:
911 1016 969 1078 quod

85 1088 165 1129 aulem
185 1081 223 1129 his
243 1079 324 1128 Nonis
342 1081 367 1129 in
387 1090 468 1129 nostro
488 1080 587 1142 collegio
607 1096 656 1129 non
675 1077 792 1139 affuisses,
811 1083 970 1133 valetudinem

85 1162 190 1205 causam,
202 1164 250 1196 non
263 1147 407 1206 moestitiam,
419 1148 500 1197 luisse.

120 1213 218 1263 Ludius.
252 1215 325 1263 Recte
337 1222 363 1263 tu
375 1214 479 1277 quidem,
491 1215 638 1271 Scaevolam
648 1229 710 1263 vere.
743 1213 799 1263 Nec
809 1214 876 1264 enim
888 1217 917 1264 ab
928 1215 970 1267 isla

84 1281 171 1340 officio,
182 1282 245 1345 quod
257 1298 349 1345 semper
358 1282 470 1345 usurpavi
481 1297 538 1331 cum
545 1283 654 1339 valerem,
660 1280 745 1330 obduci
756 1281 911 1331 incommodo
919 1298 971 1333 mso

85 1348 171 1408 debui;
188 1365 233 1397 nec
245 1350 294 1397 ullo
305 1365 362 1399 casn
380 1349 478 1398 arbitror
494 1349 540 1397 hoc
557 1349 676 1397 constanti
693 1348 787 1397 bomini
797 1364 869 1412 possa
881 1350 970 1399 contin·

85 1431 147 1475 κοτε,
158 1424 186 1465 ut
203 1418 252 1464 ulla
268 1416 411 1465 intermissio
423 1416 465 1464 fiat
481 1415 560 1465 officii.
592 1415 634 1464 Τιι
651 1423 740 1474 autem,
752 1415 841 1475 Fanni,
853 1416 896 1479 qui
912 1417 969 1467 mibi

85 1490 179 1532 tantum
196 1483 268 1532 tribui
284 1482 351 1541 dicis,
363 1491 480 1546 quantum
491 1499 536 1544 ego
553 1498 598 1531 nec
615 1497 719 1542 agriosco
736 1497 782 1532 nec
798 1485 903 1547 postulo,
914 1482 970 1533 facis

85 1549 174 1599 amics:
192 1551 240 1607 sed,
258 1558 287 1599 ut·
303 1549 363 1598 mihi
381 1550 474 1609 videris,
493 1565 544 1598 non
561 1557 624 1598 recte
638 1548 733 1613 judicas
751 1550 781 1599 de
801 1549 912 1599 Catone:
929 1559 971 1601 aut

84 1616 150 1665 enim
167 1633 247 1677 nemo,
262 1617 337 1681 (quod
357 1617 454 1681 quidem
471 1617 548 1678 magis
564 1616 654 1683 credo)
668 1623 717 1675 sut,
735 1615 756 1665 si
775 1617 912 1680 quisquam,
931 1617 970 1667 ills

84 1683 179 1746 sopiens
191 1683 243 1733 suit,
278 1685 405 1744 Quomodo
416 1685 481 1733 enim
495 1683 535 1747 (ut
544 1684 590 1733 alia
598 1683 722 1798 omittsmg
733 1692 835 1733 mortem
847 1684 890 1732 filii
898 1685 968 1734 tulitl

85 1751 244 1800 Memineram
256 1752 375 1809 Paulum3
393 1751 497 1800 videram
515 1751 627 1800 Gallum:
645 1751 688 1799 scd
723 1749 732 1798 i
750 1751 778 1800 iu
796 1751 894 1814 pueris3
910 1751 971 1801 Cato

84 1817 110 1866 in
121 1818 224 1881 perfecto
235 1827 259 1866 ct
270 1826 374 1881 spectato
385 1819 442 1868 viro.
477 1818 638 1877 Quamobrem
656 1833 713 1865 cave
731 1817 821 1868 Catoni
829 1827 970 1882 anteponas,

85 1900 115 1932 nc
126 1884 199 1933 istum
211 1885 308 1946 quidem
319 1885 405 1948 ipsum,
416 1902 487 1948 quem
500 1886 586 1948 Apollo
601 1883 641 1947 (ut
652 1883 700 1949 ais)
713 1885 918 1948 sapientissimum
933 1888 970 1951 ju·

83 1951 176 1999 dicavit
210 1951 293 2016 Hujus
306 1952 370 2000 enim
382 1952 450 2011 sacta,
462 1952 527 2000 illius
538 1952 608 2009 dicta,
621 1950 754 2001 laudantur.
789 1952 827 2001 Dc
839 1969 878 2002 me
890 1963 970 2003 autem

86 2018 127 2079 (ut
135 2020 186 2082 jam
197 2035 254 2066 cum
266 2027 366 2081 utroque
375 2021 469 2085 loquar)
484 2019 518 2068 sic
527 2019 643 2068 habetote.

117 2150 159 2198 lll.
184 2151 246 2212 Ego,
266 2152 285 2199 si
303 2151 422 2214 Scipionis
439 2153 555 2201 desiderio
575 2169 613 2201 me
630 2152 720 2202 moveri
739 2169 834 2214 negem,
852 2171 927 2216 quam
945 2154 970 2205 id

83 2224 145 2265 recte
156 2216 249 2274 iscium,
262 2219 362 2267 viderint
374 2221 507 2280 sapientes:
525 2220 567 2268 sed
575 2228 637 2269 certe
646 2220 753 2269 mentiar.
787 2220 888 2270 Moroor
896 2222 969 2278 onim,

83 2284 123 2331 tali
141 2285 218 2332 amico
236 2287 337 2344 orbatus,
349 2286 433 2348 qualis,
447 2295 473 2334 nt
490 2286 594 2344 arbitror,
612 2302 684 2336 nemo
697 2301 805 2348 unquam
821 2288 884 2346 erit;
900 2297 932 2346 et,
944 2297 969 2337 ut

82 2352 221 2400 confirmare
233 2368 338 2415 possum,
350 2368 421 2401 nemo
432 2361 494 2402 certe
506 2353 558 2402 fuit
592 2353 641 2402 Sed
653 2368 703 2402 non
714 2369 773 2414 egeo
784 2353 918 2403 medicina:
931 2370 969 2403 me

82 2418 133 2481 ipse
150 2422 265 2478 consolor,
277 2428 300 2468 et
317 2419 421 2468 maxime
431 2420 479 2468 illo
496 2419 586 2476 solatio,
604 2421 668 2482 quod
685 2437 713 2468 eo
731 2435 807 2468 errore
824 2437 901 2478 careo,
913 2437 969 2484 qno,

82 2486 212 2534 amicorum
230 2487 334 2544 decessu,
346 2487 450 2550 plerique
468 2488 524 2548 angi
542 2489 626 2535 solent.
659 2487 730 2536 Nihil
747 2487 813 2535 enim
834 2488 892 2537 mali
910 2489 969 2538 acci·

81 2552 144 2601 diosc
162 2553 269 2616 Scipioni
286 2563 360 2616 puto:
384 2554 443 2603 mihi
460 2554 552 2612 accidit,
569 2553 590 2601 si
607 2553 664 2616 quid
681 2553 773 2603 eccidit.
807 2553 865 2603 Suis
888 2564 969 2605 aulem

82 2619 238 2668 incommodis
250 2621 351 2681 graviter
362 2623 425 2681 angi,
435 2637 485 2669 non
496 2621 609 2678 amicum,
621 2621 661 2669 sed
674 2620 779 2684 seipsum
792 2622 895 2670 amantis
907 2631 951 2671 est.

116 2684 181 2734 Cum
200 2688 241 2735 illo
258 2703 313 2736 vero
330 2688 384 2750 quis
404 2696 475 2748 neget
492 2697 571 2735 actum
590 2703 642 2735 csse
662 2688 791 2751 praeclarcl
827 2688 885 2737 Nisi
903 2689 969 2739 onim

83 2750 160 2811 (quod
171 2753 210 2801 ille
224 2755 321 2802 minime
332 2757 442 2820 putabat)
456 2753 654 2803 immortalitatem
666 2762 746 2817 optare
759 2756 836 2813 vellet,
849 2755 906 2819 quid
919 2772 968 2804 non

81 2825 118 2865 est
137 2819 243 2881 adeptus,
261 2821 324 2883 quod
343 2822 435 2870 bomini
451 2822 486 2870 fas
503 2828 565 2870 essct
584 2822 679 2882 optarsl
700 2821 741 2884 qui
761 2838 883 2871 summam
902 2838 968 2885 spem

80 2884 176 2942 nivium,
189 2903 259 2948 quam
273 2887 301 2935 de
313 2905 342 2937 eo
356 2889 407 2952 jam
418 2904 491 2950 puero
507 2889 645 2946 habuerant,
657 2888 772 2937 continuo
783 2889 923 2938 adolcscens
933 2889 968 2938 in·

80 2951 184 2999 credibili
197 2949 282 3002 virtute
293 2955 427 3017 superavit:
439 2956 480 3018 qui
492 2956 644 3003 consulatum
655 2955 738 3018 petivit
749 2971 884 3018 nunquam,
892 2957 967 3005 sactus

80 3024 116 3063 ost
127 3021 210 3067 consul
230 3020 278 3068 bis:
296 3021 400 3084 primum
418 3031 472 3070 ants
489 3030 599 3085 tempus3
615 3020 702 3071 iterum
719 3022 771 3081 sibi,
783 3039 829 3071 suo
846 3033 966 3087 temporc3

72 3083 217 3147 reipublicm,
230 3103 299 3151 paene
314 3104 379 3139 sero:
397 3090 446 3154 qui,
458 3088 550 3137 duabus
570 3088 665 3137 urbibus
683 3089 778 3146 eversis,
794 3088 966 3139 inimicissimis

62 3150 125 3203 duic
137 3153 248 3222 imperio,
262 3175 315 3210 non
334 3159 407 3210 modo
420 3157 554 3227 prasentia,
563 3172 648 3206 verum
661 3155 821 3206 ctiamlutura
832 3159 894 3207 bella
905 3157 965 3206 dele·
