2054 3946
75 176 135 231 252
367 166 415 213 ns
440 163 681 214 senscrurc.

19 330 22 345 ‚
75 279 170 329 vivere!
205 277 233 326 Si
244 292 299 325 vero
326 275 483 339 abeteliquod
495 284 616 338 tamquam
625 274 741 337 pabulum
752 271 962 335 studiiatquedoc·

19 370 28 383 =
76 344 218 402 trine‚nihil
230 354 266 392 cst
316 360 358 392 oss
369 351 491 392 senectute
499 342 638 406 jucundius.
672 340 738 388 Mori
745 357 815 404 paene
824 341 964 397 videbamus,

75 414 101 461 in
113 412 192 460 studio
203 411 342 459 dimetiendi
353 410 406 459 coeli
417 418 489 471 atque
500 418 573 466 terre,
585 408 615 457 C.
628 408 735 465 Gallum,
746 407 891 457 familiarem
898 407 964 470 patris

76 480 119 537 tui,
127 478 216 541 Scipio.
250 477 351 537 Quoties
363 478 431 525 illum
443 478 485 525 lux
497 484 569 524 noctu
579 474 669 537 aliqmd
680 474 815 523 describere
827 475 963 536 ingressum,

76 545 171 610 quotics
181 561 230 593 nox
241 544 365 607 oppressit,
377 560 432 592 cum
444 559 515 591 mune
526 542 650 605 coepisset!
669 557 744 604 quam
760 542 897 591 delectabst
906 556 964 600 eum,

76 613 221 663 delectiones
231 611 288 659 solis
298 619 322 659 et
333 613 396 660 lunae
407 611 483 659 multo
495 608 566 658 nobis
575 617 631 657 ante
642 608 785 672 predicere!

111 679 177 739 Quid
193 678 220 727 in
237 677 363 726 levioribus
379 677 471 736 studiis,
483 677 525 726 sed
541 684 622 725 tamen
640 674 734 724 acutisl
756 691 833 737 quam
853 674 964 736 gaudebat

76 745 146 794 Bello
165 762 210 793 suo
231 745 324 793 Punico
343 743 461 793 Neuius!
488 760 561 806 quam
579 743 729 791 Truculento
748 742 870 792 Plautus!
897 758 964 804 quam

77 811 213 860 Pseudolo!
248 810 305 860 Vidi
317 811 388 860 etiam
400 827 484 859 senem
500 810 615 859 Livium:
631 809 681 873 qui,
693 825 750 857 cum
759 825 805 857 sex
816 826 896 857 annos
907 818 958 857 ante

76 894 149 941 quam
165 894 210 938 ego
227 886 298 927 natus
315 894 378 935 sum,
396 878 499 926 fabulam
519 877 646 934 docuisset,
666 875 777 925 Centone
798 876 964 937 Tuditanoque

76 945 222 1002 oonsulibus,
235 961 310 1007 usque
322 945 352 993 ad
364 944 547 994 adolescentiam
564 960 645 992 meam
660 942 776 1006 processit
793 951 871 992 wate.
904 941 966 1003 Quid

77 1012 106 1060 de
118 1012 146 1060 P.
158 1011 246 1059 Licinii
258 1011 339 1060 Crassi
351 1020 374 1059 et
386 1010 501 1074 pontificii
512 1019 536 1059 et
546 1011 622 1059 civilis
636 1010 697 1075 juris
714 1010 795 1058 studio
807 1010 908 1072 loquarl
927 1017 964 1057 aut

76 1079 106 1126 de
127 1079 202 1142 liujus
220 1079 247 1127 P.
260 1078 387 1142 Scipionis,
399 1077 441 1140 qui
458 1077 496 1126 his
515 1078 599 1141 paucis
616 1077 701 1126 diebus
718 1077 830 1140 pontifex
848 1076 963 1125 maxirnm

76 1145 155 1194 factus
165 1146 217 1193 cstl
254 1144 330 1208 Atqui
341 1162 383 1192 cos
393 1161 484 1203 omnes,
496 1161 558 1208 quos
573 1143 764 1202 commemoravi,
776 1144 817 1193 his
831 1143 918 1193 mediis
928 1144 965 1191 lla·

76 1220 172 1273 grantes
189 1228 258 1259 senes
275 1212 386 1260 vidimus.
419 1212 519 1261 M.vero
531 1212 674 1274 Cethegum,
686 1227 760 1274 quem
777 1220 841 1260 recte
859 1219 874 1241 ‘⁴
884 1211 963 1259 Suade

76 1278 221 1329 medullam”
239 1278 301 1327 dixit
318 1279 423 1336 Ennius,
434 1288 525 1342 quanto
541 1279 621 1327 studio
637 1278 741 1326 exerceri
753 1278 779 1326 in
792 1279 895 1327 dicendo
906 1277 965 1324 vide

77 1347 168 1405 bamus,
180 1346 252 1394 ctiam
270 1348 367 1394 senem!
403 1346 463 1404 Ques
481 1353 539 1394 sunt
555 1345 627 1407 igitur
643 1346 776 1408 epulonum,
789 1355 832 1393 aut
849 1345 964 1398 ludorum

77 1422 119 1461 aut
146 1423 283 1469 scortorum,
304 1414 437 1476 voluptates
460 1429 515 1461 cum
538 1413 578 1461 his
598 1412 760 1475 voluptatibus
783 1410 961 1475 conrpamndal

77 1480 159 1543 Atque
176 1481 226 1529 haec
237 1479 333 1542 quidem
351 1480 429 1528 studia
445 1479 573 1539 doctrinm
589 1496 642 1542 quse
654 1479 752 1542 quidem
768 1479 926 1542 prudentibus
941 1484 963 1524 ct

77 1547 137 1595 bene
153 1547 268 1595 institutis
279 1547 364 1609 pariter
376 1563 432 1595 cum
444 1556 510 1595 aetate
522 1554 648 1595 crescunt:
666 1554 694 1594 ut
710 1545 842 1594 honestum
853 1545 913 1595 illud
924 1544 964 1591 So

77 1614 139 1662 lonis
156 1614 194 1672 sit,
206 1614 268 1676 quod
281 1613 314 1661 uit
326 1613 442 1662 versiculo
454 1614 565 1676 quodam,
580 1613 620 1675 (ut
636 1620 692 1661 anto
708 1612 772 1678 dixi)
792 1629 917 1661 senescere
933 1627 964 1665 ΒΘ,

77 1681 153 1728 multa
164 1680 242 1728 indies
258 1680 432 1729 addiscentem:
450 1697 498 1744 que
509 1682 629 1744 voluptate
639 1679 715 1728 animi
726 1682 794 1729 nulla
810 1688 874 1729 certe
891 1686 964 1743 potest

78 1763 129 1795 esse
139 1765 222 1811 major.

110 1880 167 1930 XV.
185 1881 264 1929 Venio
276 1897 343 1930 nunc
353 1881 382 1930 ad
395 1881 526 1944 voluptates
538 1880 700 1942 agricolarum,
713 1879 801 1942 quibus
811 1895 860 1941 ego
868 1879 965 1928 incredi·

78 1947 153 1995 biliter
170 1949 285 1998 delector:
305 1965 356 2010 que
374 1965 419 1996 nec
436 1950 486 1996 ulle
502 1947 664 2012 impediuntur
683 1956 812 2004 senectute,
824 1956 850 1994 et
866 1947 925 1995 mihi
936 1946 964 1994 ad

78 2014 191 2076 sapientis
201 2015 274 2062 vitam
286 2014 392 2077 proxime
401 2014 511 2063 ridentur
522 2015 637 2063 accedere.
671 2014 768 2062 Habent
776 2013 841 2061 enim
851 2016 963 2062 rationem

78 2096 133 2127 cum
145 2088 212 2138 terra,
221 2098 272 2142 que
285 2097 410 2142 nunquam
418 2090 510 2130 recusat
521 2081 654 2144 imperium,
664 2097 708 2128 nec
716 2097 823 2142 unquam
832 2080 884 2128 sine
893 2097 965 2128 usura

78 2147 159 2204 reddit,
179 2148 240 2209 quod
259 2147 363 2210 accepit3
387 2149 428 2196 sed
446 2149 505 2196 alias
522 2149 620 2207 minore,
639 2149 781 2211 plerumque
797 2148 895 2212 majore,
910 2163 965 2195 cum

78 2214 175 2262 lienorc.
209 2214 364 2276 Quamquam
385 2231 423 2262 me
440 2215 536 2277 quidem
558 2231 605 2262 non
624 2215 716 2263 fructus
736 2214 814 2270 modo,
831 2214 874 2262 sed
893 2217 964 2263 etiarn

79 2280 153 2343 ipsius
169 2289 234 2329 terras
247 2281 322 2329 visae
340 2289 431 2338 natura,
444 2283 560 2330 delectati
583 2297 642 2344 quae,
654 2298 710 2329 cunr
727 2280 818 2342 gremio
834 2281 926 2329 umllito
938 2297 965 2329 ac

79 2350 176 2396 subacto
193 2365 275 2396 semen
293 2364 401 2410 sparsum
418 2349 526 2411 excepit;
549 2349 654 2412 primurn
669 2348 694 2396 id
712 2355 855 2396 eceaecatum
872 2347 965 2396 cohibet

81 2414 124 2477 (cx
135 2432 184 2477 quo
196 2416 292 2473 occatio,
301 2432 353 2477 quae
362 2415 408 2463 hoc
419 2416 496 2472 efficit,
505 2416 628 2464 nominata
639 2419 686 2480 est)
698 2432 705 2462 τ
721 2415 814 2471 deinde,
821 2415 964 2477 tepefactum

79 2498 165 2544 vapore
182 2492 206 2530 ct
222 2499 358 2545 compressu
377 2499 428 2539 suo,
440 2481 567 2541 diffundit3
586 2490 610 2531 et
626 2483 690 2530 elicit
705 2483 884 2529 herbescentem
895 2498 924 2529 ex
937 2498 966 2528 co

79 2549 233 2607 viriditatem
251 2549 377 2611 quae,nixa
395 2550 458 2597 fibris
476 2550 591 2612 stirpium,
600 2549 688 2597 sensim
707 2548 824 2603 adolescit,
837 2550 966 2609 culmoque

79 2624 155 2664 erecta
167 2616 309 2677 geniculato,
318 2617 410 2678 vaginis
418 2618 468 2681 jam
478 2617 545 2679 quasi
557 2618 690 2679 pubescens
698 2615 839 2670 includitur3
857 2615 965 2676 equibus

78 2696 134 2730 curn
142 2684 268 2739 emerserit,
278 2683 357 2732 fundit
368 2685 459 2744 frugem
468 2684 533 2746 spici,
543 2684 624 2731 ordine
632 2692 751 2741 stmctam,
762 2690 784 2729 et
792 2690 875 2729 contre
884 2681 966 2730 avium

79 2748 198 2798 minorum
221 2767 314 2799 morsus
336 2751 463 2814 [munitur]
486 2753 548 2798 vallo
565 2750 697 2799 aristarum.
731 2748 796 2808 Quid
815 2765 861 2808 ego
880 2747 966 2796 vitium

77 2824 150 2873 satus,
163 2826 235 2874 ortus,
245 2817 397 2871 incrementa,
410 2818 610 2866 commemoreml
648 2817 733 2864 Satieri
745 2815 904 2864 delectatione
915 2832 965 2863 mm

77 2895 182 2941 possum,
194 2893 221 2931 ut
232 2901 291 2931 mee
309 2884 437 2932 senectutis
454 2884 582 2948 requietem
594 2886 840 2945 oblectamentumque
853 2881 966 2931 noscitis

77 2946 168 2996 Omitto
180 2950 245 2997 enim
259 2949 306 2999 vim
318 2950 394 3013 ipsam
412 2952 520 3000 omnium
532 2969 584 3014 qnae
601 2958 768 3013 generanture
780 2958 856 2998 tenu:
875 2966 924 3011 qrru
934 2965 965 2997 ex

76 3012 115 3060 fici
127 3017 219 3063 tantulo
231 3033 312 3076 grano,
325 3028 366 3065 aut
378 3035 407 3066 cx
420 3019 488 3068 acino
500 3020 605 3077 vinaceo,
617 3028 659 3066 ant
670 3034 699 3066 cx
712 3026 847 3066 ceterarum
866 3017 965 3077 frugum

75 3093 103 3125 uc
114 3081 224 3144 stirpium
236 3083 402 3132 minutissimis
420 3087 557 3144 seminibus,
567 3094 645 3134 tantos
662 3093 759 3133 truncos
773 3099 900 3146 ramosque
913 3100 964 3147 pro·

65 3158 145 3198 creat:
161 3151 278 3215 malleoli,
287 3153 384 3219 plautas,
397 3153 673 3212 momentarisiradiccs,
680 3151 832 3214 propagines,
843 3167 926 3200 nonne
935 3168 964 3200 ca
