2054 3946
285 505 356 552 tto.
368 505 389 551 1.
422 505 620 552 cuttxntu.
837 505 892 559 105

37 613 224 681 immunitate,
247 633 331 687 quarn
354 635 387 672 ea
410 634 472 687 quae
494 633 531 672 ex
552 615 715 692 cognitione
736 613 891 671 ducantur:

37 713 95 768 que
118 693 174 751 hoc
194 704 359 770 argumento
380 694 541 753 confirmari
561 706 665 770 potest,
679 693 767 766 quod,
783 695 808 751 si
829 713 894 750 cou-

37 773 105 852 gerit
119 791 154 829 ea
167 773 223 830 vita
234 775 366 851 sapienti,
379 787 410 832 ut
423 776 453 832 in
465 775 593 832 omnium
605 793 699 831 rerum
715 773 894 831 affluentibus

37 854 112 930 rpiis,
126 855 256 925 quamvis
268 855 374 921 omnia,
388 873 450 926 qua
462 855 624 930 cognitione
637 854 722 929 digna
733 865 808 919 sunt,
819 872 894 910 sum·

38 952 57 992 ο
71 933 131 991 otio
146 951 245 991 seeum
258 934 320 1010 ipse
332 933 493 991 consideret
503 944 532 990 et
544 935 766 1008 contempletur3
789 943 893 999 tamen,

56 1011 184 1070 solitudo
206 1024 280 1070 tauta
302 1013 348 1080 sit,
369 1023 402 1069 ut
421 1013 568 1070 hominem
589 1012 684 1070 videre
711 1032 768 1070 nou
792 1013 893 1087 possit,

37 1092 129 1150 medat
143 1110 159 1148 e
174 1092 239 1148 vita.
282 1092 477 1168 Princepsque
498 1093 626 1150 omniurn
642 1093 775 1149 virtutum
790 1092 837 1148 illa
852 1110 895 1147 sa·

40 1172 128 1237 entia,
145 1189 229 1242 quarn
245 1181 323 1233 σοφίαν
339 1171 434 1229 Graeci
448 1182 569 1229 vocant:
597 1170 787 1248 (prudentiam
806 1171 893 1237 enim,

37 1268 95 1307 ram
112 1249 208 1307 Graeci
222 1263 335 1317 φρόνησιν,
351 1251 434 1308 aliam
451 1250 602 1322 quamdam
617 1253 814 1327 intelligimus,
831 1270 893 1322 quae

37 1339 53 1387 tl
74 1348 170 1386 rerum
192 1329 413 1406 expetendarum
429 1330 682 1407 fugiendarumque
701 1328 830 1408 scientia)
847 1330 895 1386 illa

37 1418 105 1466 rtem
120 1409 260 1483 sapienta,
276 1428 359 1480 quam
375 1410 534 1486 principem
556 1410 627 1477 dixi,
642 1430 734 1468 rerum
760 1421 804 1466 est
824 1408 894 1466 divi-

37 1506 109 1546 num
125 1499 155 1544 et
169 1489 353 1546 humanarum
368 1489 506 1547 seientia:
530 1490 560 1546 in
581 1509 637 1562 qua
650 1490 810 1546 continetur
829 1488 894 1545 deo·

37 1586 72 1625 nn
94 1577 124 1623 ct
144 1566 293 1625 hominum
315 1569 502 1626 communitas
524 1579 553 1625 et
572 1570 694 1626 societas
715 1570 788 1625 inter
802 1567 892 1642 ipsos.

37 1666 55 1704 a
79 1647 106 1703 si
132 1647 258 1704 maxima
277 1658 330 1714 est,
346 1661 378 1704 ut
397 1657 449 1714 est,
470 1659 545 1705 certe
570 1667 687 1705 neccsse
713 1659 766 1714 est,
782 1646 857 1718 quod
879 1668 895 1703 a

37 1727 214 1784 immunitate
251 1726 368 1784 ducatur
404 1727 541 1794 officium,
562 1727 591 1784 id
629 1747 693 1784 esse
726 1728 893 1783 maximum.

38 1805 129 1863 tenirn
152 1807 277 1882 cognitio
299 1808 558 1882 contemplatioque
579 1817 684 1864 uaturae
706 1825 805 1862 manca
826 1825 895 1878 quo·

37 1902 76 1942 nn
103 1885 190 1943 modo
215 1895 299 1957 atque
327 1885 459 1944 inchoata
486 1889 532 1953 sit,
548 1888 573 1943 si
598 1886 676 1943 nulla
702 1886 774 1942 aetio
801 1903 894 1941 rerum

37 1975 212 2037 insequatur.
254 1965 299 2022 Ea
313 1976 405 2022 antem
421 1966 494 2024 actio
516 1967 546 2024 in
566 1966 716 2022 hominurn
737 1963 894 2022 commodis

37 2043 125 2102 endis
141 2043 265 2101 maxime
279 2045 412 2102 cernitur.

50 2123 182 2181 Pertinet
193 2123 279 2199 igitur
293 2123 328 2180 ad
340 2125 505 2184 societatem
520 2125 632 2200 generis
647 2123 774 2180 humani.
816 2123 895 2200 Ergo

37 2221 72 2260 ee
96 2203 254 2278 cognitioni
275 2203 472 2280 anteponenda
497 2215 550 2262 est.
600 2205 694 2275 Atque
719 2203 748 2260 id
771 2204 895 2278 optimus

37 2283 134 2353 risque
150 2282 255 2356 reipsa
270 2283 394 2340 ostendit
406 2294 434 2341 et
443 2283 560 2360 judicat.
604 2284 676 2349 Quis
691 2284 767 2340 enim
782 2294 826 2339 est
840 2294 896 2340 tam

37 2360 133 2438 lpidus
149 2362 178 2418 in
192 2361 390 2437 perspicienda
403 2363 658 2438 cognoscendaque
673 2381 765 2419 rerum
787 2374 895 2426 natura,

37 2459 51 2509 :‚
67 2441 92 2498 si
114 2441 142 2496 ei
164 2442 290 2498 tractanti
310 2444 570 2518 contemplantique
591 2462 639 2521 res¹
657 2443 818 2517 cognitione
838 2442 897 2518 dig·

37 2521 158 2586 lssimaS,
177 2521 269 2577 subito
298 2522 335 2577 sit
361 2522 475 2579 allatum
502 2523 659 2597 pericnlum
688 2522 890 2593 discrimenqui

37 2601 121 2666 atriae,
147 2599 192 2655 cui
226 2601 376 2657 subvenire
405 2601 593 2676 opitularique
628 2601 729 2676 possit,
758 2621 816 2657 non
849 2602 869 2656 il

37 2680 109 2737 nnia
135 2678 276 2750 relinquat
302 2690 386 2751 atque
415 2682 537 2756 abjiciat,
554 2681 638 2737 etiarn
665 2681 689 2736 si
718 2681 896 2737 dinumerare

36 2758 167 2823 catellas,
183 2767 231 2814 aut
245 2759 338 2816 metiri
359 2760 457 2816 mundi
479 2759 703 2836 magnitudinem
725 2778 810 2835 posse
826 2759 897 2815 arbi-

37 2838 121 2894 eturl
163 2838 256 2909 Atque
276 2838 332 2895 hoc
352 2837 428 2895 idem
450 2840 479 2896 in
500 2840 635 2914 parentis,
651 2841 680 2895 in
695 2840 779 2896 antici
800 2856 829 2893 re
851 2847 898 2893 aut

37 2916 142 2974 erieulo
170 2916 276 2973 fecerit.
332 2917 442 2982 Quibus
476 2920 559 2974 rebus
593 2919 769 2992 intelligitur,
795 2916 896 2972 studiis

37 2995 174 3068 fficiisque
197 2997 323 3053 scientiae
351 2997 541 3072 praeponenda
562 3017 626 3054 esse
650 2997 743 3054 officia
767 2996 896 3072 justitian,

37 3094 75 3134 uae
91 3075 235 3150 pertinent
248 3074 281 3131 ad
298 3075 445 3134 hominum
461 3078 615 3143 caritatem,
627 3095 682 3148 qua
696 3076 768 3132 nihil
788 3075 897 3131 homini

37 3174 77 3212 rse
91 3154 176 3211 debet
190 3155 363 3227 antiquius*

44 3299 58 3328 *
70 3295 212 3349 Antiquitas.
246 3297 299 3341 The
319 3297 417 3360 original
438 3299 550 3361 meaning
562 3296 590 3360 of
603 3296 739 3361 antiquitat,
754 3309 780 3340 or
797 3296 898 3347 autnon.

37 3361 54 3394 ³
73 3350 898 3458 ‘mul’llldnitllllultlllllludlldladfffllirlnlll‘l’dall

37 3415 68 3508 lin
92 3415 188 3507 iidie,
201 3456 271 3512 simpl
296 3469 386 3519 means,
397 3458 449 3504 liat
459 3457 560 3513 calling
570 3436 655 3503 slortld
664 3457 782 3512 replaced
791 3457 816 3502 oe
828 3458 898 3504 orell

37 3521 78 3556 -oc
90 3509 150 3565 cury
154 3509 264 3566 preferre
291 3511 315 3558 to
328 3511 353 3558 ti.
