2054 3946
66 215 126 272 23⁶
332 282 339 296 ,
382 208 429 255 na
453 210 641 257 osricus.

66 330 96 379 et
109 321 139 378 in
153 325 289 378 societate
310 321 422 396 generis
443 319 571 378 humani.
614 319 720 393 Neque
735 319 813 378 enim
831 318 939 387 tonas,

66 418 121 459 nec
134 400 298 467 liberalitas,
313 418 366 457 nec
380 400 499 457 comitas
515 419 578 457 esse
591 410 696 476 potest,
713 419 772 459 non
791 399 942 475 plusquam

67 480 208 538 amicitia:
231 481 256 537 si
276 480 336 536 haec
358 498 417 537 non
436 499 487 555 per
501 499 532 537 se
547 490 727 557 expetantur,
743 479 796 537 sed
809 478 845 538 ad
857 479 944 557 volup·

68 569 154 617 tatem
169 559 354 616 utilitatemve
369 559 535 617 referantur.

294 701 384 761 oar.
399 703 542 762 xxxrv.
564 701 728 782 Epilogus.

110 811 315 870 Conraaarrus
337 812 424 889 igitur
446 813 476 869 in
499 831 599 888 pauca.
655 813 734 871 Nam
754 821 787 870 ut
809 813 960 871 utilitatem·
987 852 996 915 p

68 892 176 950 nullam
198 910 263 948 esse
284 891 444 956 docuimus,
461 911 525 964 quae
546 891 688 950 honestati
709 902 789 950 esset
809 892 950 959 contrarie,
993 918 996 961 ῑ

70 971 112 1029 sic
133 990 248 1028 omnem
269 971 442 1047 voluptatem
464 971 587 1029 dicimus
609 972 751 1029 honestati
766 991 833 1030 esse
852 982 951 1031 conua-
994 974 996 979 '

69 1052 152 1110 riam.
206 1050 272 1116 Quo
299 1052 390 1128 magis
418 1050 670 1126 reprehendendos
697 1050 906 1127 Calliphonem
930 1061 952 1109 st

70 1130 301 1189 Dinomachum*
313 1130 423 1206 judico,
439 1131 489 1203 qui
503 1149 536 1188 se
550 1131 721 1189 diremturos
736 1131 951 1189 controversiam

91 1221 249 1278 utaverunt‚
266 1210 291 1267 si
305 1229 370 1267 cum
385 1210 534 1267 honestate
548 1210 733 1287 voluptatem,
744 1220 881 1283 tanquam
896 1228 952 1268 cum
993 1274 996 1287 Ι

70 1228 187 1348 domine
209 1289 359 1365 pecudem,
383 1290 605 1365 copulavissent.
658 1291 728 1348 Non
748 1291 855 1366 recipit
878 1291 952 1348 iatam

71 1371 301 1446 conjunctionem
315 1370 462 1436 honestas,
473 1381 649 1445 aspernatur,
659 1370 782 1446 repellit.
817 1371 847 1427 N
850 1389 883 1428 ec
895 1388 953 1427 veru

70 1449 136 1507 finis
151 1450 301 1516 bonorum,
313 1448 360 1527 [et
373 1448 530 1528 malorum]
543 1450 593 1522 qui
604 1450 730 1525 simplex
741 1467 807 1507 esne
820 1450 914 1517 debet,
922 1466 954 1506 ex

70 1528 272 1587 dissimillimis
283 1529 366 1586 rebus
379 1529 494 1586 misceri
504 1539 532 1585 et
543 1529 695 1605 temperari
707 1539 814 1605 potest.
857 1529 915 1586 Sed
922 1527 953 1586 de

71 1608 127 1666 hoc
144 1607 257 1686 (magna
271 1609 348 1665 enim
366 1627 412 1665 res
427 1605 482 1687 est)
498 1609 555 1666 alio
569 1609 633 1666 loco
645 1609 668 1676 ;†
688 1609 831 1685 pluribus.
875 1610 953 1666 Nunc

72 1687 107 1746 ad
122 1691 313 1765 propositum.

112 1767 360 1833 Quemadmodum
375 1768 469 1844 igitur,
480 1768 506 1824 si
521 1766 635 1839 quando
649 1786 692 1835 ea,
704 1786 768 1838 quar
782 1767 896 1825 videtur
906 1768 954 1825 uti·

71 1847 146 1913 litas,
162 1847 304 1905 honestati
324 1859 473 1923 repugnat,
489 1846 672 1923 dijudicanda
691 1865 737 1904 res
760 1848 807 1913 sit,
827 1849 897 1905 satis
915 1857 955 1904 est

72 1946 159 2001 supra
172 1928 356 2002 disputatum.
399 1927 451 1984 Sin
465 1937 559 1984 autem
579 1927 706 2002 speciem
730 1928 862 1984 utilitatis
876 1929 954 1984 etiam

72 2007 203 2080 voluptas
224 2008 327 2063 habere
348 2005 467 2073 dicetur,
483 2006 561 2064 nulla
582 2016 677 2082 potest
697 2007 805 2063 essaei
824 2026 890 2064 cum
910 2006 955 2064 ho·

72 2096 180 2142 nestate
201 2086 375 2160 conjunctio.
419 2086 496 2143 Nam
512 2087 710 2143 attribuamus
732 2085 843 2158 aliquid
863 2085 956 2160 volup·

72 2165 131 2229 tati,
148 2164 322 2221 condimenti
337 2164 456 2221 sortasse
471 2184 529 2222 non
544 2165 626 2233 nihil,
638 2165 768 2222 utilitatis
782 2174 860 2222 certe
875 2165 957 2238 nihilss

71 2244 197 2302 habebit.

112 2324 211 2382 Habes
225 2344 241 2380 a
256 2335 334 2399 patre
356 2342 471 2390 munus,
487 2325 585 2381 Marce
607 2323 658 2389 tili,
674 2341 738 2380 mea
759 2323 878 2395 quidem
898 2340 957 2379 sen·

73 2404 169 2470 tentia,
180 2423 313 2478 magnum
329 2423 336 2469 ;
351 2403 402 2459 sed
414 2403 532 2478 perinde
542 2404 604 2469 erit,
615 2413 646 2459 ut
659 2403 833 2478 acceperis.§
856 2403 957 2469 Quam·

72 2501 158 2554 quam
180 2484 210 2540 lri
232 2485 281 2540 tibi
303 2494 359 2539 tres
379 2483 445 2539 libri
470 2484 543 2539 inter
571 2482 703 2558 Cratippi
725 2482 957 2547 commentarios,

73 2572 206 2634 tanquam
228 2563 368 2638 hospites,
389 2573 471 2619 erunt
497 2562 663 2638 recipiendi.
706 2562 765 2618 Sed
786 2572 828 2628 ut,
852 2564 878 2618 si
899 2562 957 2637 ipse

376 2705 528 2751 CHAPTER
543 2706 657 2750 XXXIV.

106 2777 118 2835 ξ
131 2775 163 2820 st
175 2774 362 2820 Dinomachum.
397 2775 475 2819 These
485 2774 648 2830 philosophare
660 2775 687 2819 of
700 2775 740 2819 the
752 2775 872 2830 Cyrenaic
883 2775 958 2821 school

73 2829 154 2871 united
171 2829 209 2872 the
228 2831 290 2872 Stotc
307 2828 354 2871 and
375 2829 510 2883 Epicurean
529 2829 655 2885 tenets,by
667 2829 764 2884 placing
781 2829 822 2874 the
840 2841 958 2875 summum

73 2880 162 2924 bonum
173 2881 197 2924 in
211 2882 286 2926 virtue
299 2881 377 2925 'oined
390 2881 448 2925 with
461 2882 577 2937 pleasure.

104 2932 120 2990 †
133 2934 191 2997 Alio¹
199 2935 254 2980 loco.
282 2895 316 2996 ¹lli
329 2934 366 2996 his
378 2936 479 2987 trectise,
493 2937 527 2980 De
539 2935 645 2981 Finibus.

106 2991 118 3037 ss
132 2987 207 3031 Nabal.
242 2988 360 3032 Imrmtrrx
371 2989 435 3044 boni,
447 2989 665 3045 voluptas-Legg.
677 2989 692 3034 i.
706 2991 742 3034 17.

106 3039 120 3088 ἦ
134 3041 263 3095 deceperis.

133 3110 215 3171 Atque
226 3110 275 3154 hec
287 3111 385 3167 perinde
396 3117 454 3157 eunt
464 3116 492 3158 ut
502 3113 566 3157 illius
577 3112 680 3164 animus,
691 3111 732 3167 qui
744 3124 773 3157 ea
783 3113 905 3168 possidet:

128 3163 176 3220 Qut
188 3164 223 3211 uti
234 3165 288 3224 scit,
300 3166 322 3213 ei
335 3166 415 3224 bona,
431 3166 537 3225 quinon
545 3166 620 3213 utatur
630 3170 704 3216 recta,
712 3166 782 3209 mata.

675 3218 926 3262 decantantem
