2018 3450
60 246 117 303 282
367 248 414 295 DE
437 250 652 299 Autcltte.

91 352 172 417 Itaque
192 354 217 403 in
237 355 266 404 iia
284 356 429 421 pemicionu
446 366 483 407 eet
500 374 576 419 error,
592 360 642 425 qui
665 360 830 423 exi-timent,
847 362 954 415 nuar-

58 434 251 485 peeeatnrumquc
268 426 376 475 omniurn
394 434 472 491 petere
488 424 516 475 in
533 426 651 477 nmIeitit
670 428 816 481 lieenthtn.
849 432 954 483 Virtute·

56 490 158 538 tntieitia
175 492 276 555 arljutn'x
288 509 303 541 a
314 502 399 541 natura
407 492 463 541 elata
478 500 523 549 eet,
534 508 588 543 uon
600 494 730 547 vitiorum
748 514 854 559 eomut
869 508 955 563 utque

57 556 121 606 niam
132 558 235 607 salinaria
246 575 295 607 mm
307 570 386 623 poaect
395 560 469 609 virtue
479 560 510 609 ul
520 576 558 619 ea,
565 578 625 625 qun
638 578 750 613 summa
761 574 834 625 aunt,
843 566 955 631 perram,

54 626 182 689 conjunctu
193 636 217 675 et
227 626 363 675 concertata
378 644 434 677 cum
451 629 525 677 alten
535 628 698 691 pervenitet:
717 648 780 696 qun
798 634 822 683 ei
833 648 894 697 quun
907 632 956 683 itti!

54 694 153 741 rroeietm¹
173 704 215 742 aut
232 702 274 751 eat,
286 704 329 743 aut
343 694 396 751 luit,
406 702 448 743 cut
459 692 541 743 lutura
558 704 606 755 eet,
616 712 714 747 eorum
733 708 777 749 eet
796 698 955 751 habeudtutl

53 777 175 809 aunnnum
188 771 275 810 nature
287 763 377 811 benum
388 761 492 825 optimna
502 760 719 829 beatissimusque
730 766 879 817 eomitante.

87 828 146 877 liae.
163 838 206 883 eat,
223 829 329 891 inquam.
346 829 452 887 societas,
469 828 495 877 ia
512 844 561 891 qua
578 828 670 879 omnia
688 830 793 893 ineunt,
812 850 869 899 qun
884 840 955 901 puin

54 892 163 944 homiues
179 896 319 959 expetenda,
331 896 449 955 honestae,
460 894 542 957 gloria,
552 896 728 959 tanquillitas
740 900 835 961 animi,
846 910 915 965 etque
925 902 956 967 ’μ-

59 964 179 1012 unditmr:
197 974 231 1013 ut.
243 980 299 1011 eum
311 964 361 1011 hue
373 964 458 1021 ataine,
470 964 538 1011 beatu
549 960 601 1011 vite
611 962 654 1023 nit,
667 973 696 1013 et
707 966 769 1015 eine
788 968 832 1017 ni·
849 984 902 1017 ene
914 980 954 1017 u

54 1031 134 1093 guerit.
169 1032 241 1089 Quod
259 1048 315 1079 cum
326 1031 443 1093 optimum
460 1028 646 1093 muitnttutqtte
658 1030 702 1090 uit.
714 1032 739 1081 ei
757 1033 787 1083 itl
800 1034 954 1085 volutum&-

53 1096 129 1160 ipirei,
141 1098 221 1145 virtuti
238 1114 309 1161 opera
325 1098 404 1145 danda
420 1106 472 1154 αις
488 1095 542 1143 eine
552 1112 601 1159 que
619 1112 708 1161 neque
725 1102 871 1153 amicitiem
886 1116 954 1165 neget

54 1166 127 1213 ullam
139 1179 188 1213 rem
200 1165 358 1227 expetendam
370 1163 484 1226 consequi
501 1178 648 1226 muamus:
667 1180 701 1213 ea
712 1182 778 1217 vero
791 1170 909 1231 neglecta,
919 1168 953 1233 gui

53 1248 79 1279 ee
90 1232 179 1280 aruit-m
191 1232 276 1279 habere
287 1232 435 1288 arbitrantur,
446 1240 497 1279 turn
509 1246 535 1277 ee
546 1228 652 1293 «lenique
670 1246 760 1283 eruere
772 1236 895 1295 sentiunt,

53 1315 94 1347 coe
105 1300 183 1361 gracie
195 1299 280 1361 aliquis
291 1316 361 1347 casus
372 1296 472 1361 experiri
483 1296 553 1357 cogit.

87 1367 205 1425 Quocirca
219 1366 357 1429 (dicendum
369 1374 405 1413 eet
420 1364 486 1412 enirn
497 1362 596 1429 sepius)
609 1378 667 1411 cum
682 1365 852 1429 judicaverit,
862 1368 951 1431 titum

53 1443 160 1495 oportet;
178 1450 234 1491 nnn,
246 1450 302 1481 curn
313 1432 429 1489 dilexeris,
443 1430 557 1495 judicare.
591 1428 721 1489 Sedmum
739 1437 834 1485 multis
850 1436 878 1485 in
889 1438 951 1485 teht!

54 1501 199 1561 negligentia
216 1500 346 1563 plectimur,
358 1509 411 1547 tum
428 1499 532 1547 maxime
549 1496 575 1545 In
587 1496 671 1545 anicio
689 1506 717 1547 et
727 1500 867 1565 dIIIgetnIIu
883 1512 949 1553 ete)-

54 1567 138 1617 Iendia.
172 1567 323 1629 l‘rapostoris
339 1566 405 1615 enim
418 1565 506 1615 utimur
522 1563 643 1622 consilum
660 1572 686 1613 et
697 1576 756 1616 acte
771 1570 881 1631 agimur,
891 1568 948 1633 qud

54 1644 161 1684 venemur
173 1634 244 1682 veteri
261 1633 389 1697 proverbio.
423 1632 489 1681 Nam
506 1630 620 1694 implicati
637 1632 702 1679 uitro
722 1642 748 1683 et
768 1637 841 1697 citro,
852 1638 892 1687 veI
907 1650 948 1685 trra

53 1699 174 1759 diuturno
194 1702 230 1749 vel
253 1702 324 1749 etiarn
344 1698 436 1757 officiis,
452 1708 555 1762 repente,
571 1698 597 1747 in
620 1696 702 1747 medio
720 1716 809 1763 eumn,
826 1701 947 1761 amieithu

54 1779 137 1818 exorta
148 1771 227 1833 aliqua
238 1768 376 1826 offensione,
388 1767 553 1830 dirumpitnus.

88 1902 182 1953 XXIII.
201 1905 257 1963 Quo
268 1903 339 1951 etiam
352 1901 428 1959 magis
435 1900 589 1963 vituperanda
598 1906 634 1946 est
645 1899 679 1947 rei
691 1901 801 1951 maxime
810 1903 944 1953 trecenti·

55 1978 122 2017 tanta
133 1972 231 2019 luentia.
266 1970 322 2018 Una
333 1979 369 2017 cut
380 1968 445 2016 enim
463 1968 566 2015 anIIcItIa
577 1966 603 2015 iu
615 1968 684 2015 rebus
695 1967 822 2027 humanis,
834 1971 866 2019 de
877 1972 944 2036 eujtttt

57 2037 157 2085 utilitate
168 2054 250 2085 omnes
262 2052 312 2084 uno
324 2053 363 2084 ore
374 2035 540 2084 consentiant:
557 2050 702 2097 quamquam
713 2051 728 2081 a
740 2035 826 2084 multis
838 2037 893 2101 ipsa
903 2038 943 2086 vit·

56 2111 95 2150 tut
106 2104 272 2157 contemnitur,
285 2114 309 2150 ct
321 2103 447 2151 venditatio
459 2103 566 2165 quaedam
584 2110 654 2162 atque
672 2102 802 2150 ostentatio
819 2120 874 2153 oeae
890 2104 942 2153 diei·

55 2176 100 2216 tur.
136 2170 207 2218 ItIuIti
219 2169 313 2217 diritius
324 2170 465 2232 despiciunt,
477 2186 544 2231 quoe,
554 2184 625 2231 parvo
636 2170 859 2225 coutentes,tenuie
870 2170 942 2220 vietur

56 2237 181 2299 cultusque
198 2238 313 2284 delectat:
331 2237 433 2283 bonores
451 2252 513 2289 vcro,
525 2252 626 2298 quorum
644 2235 772 2297 cupiditate
790 2238 892 2297 quidum
909 2238 941 2286 iu·

56 2303 215 2361 talamanca,
232 2319 304 2366 quam
321 2303 390 2350 multi
407 2303 440 2350 ita
456 2310 621 2357 contemnunt
639 2311 665 2349 ut
681 2303 740 2350 nibiI
759 2302 865 2361 inanius,
884 2304 940 2353 nihil

56 2370 139 2424 levius.
152 2389 203 2421 esse
220 2369 372 2419 existitncnt!
391 2369 494 2431 itemquo
512 2378 601 2421 caetera.
614 2385 666 2430 quur
682 2370 825 2431 quibusdam
843 2372 941 2421 admin-

56 2438 112 2486 bilia
125 2439 240 2496 videntur,
253 2436 362 2500 permulti
380 2445 444 2493 sunt,
456 2436 496 2498 qui
509 2452 550 2498 pm
570 2437 643 2484 nihilo
661 2446 752 2498 putent
786 2436 825 2484 De
837 2438 940 2487 amicitit

57 2522 140 2554 omnes
152 2508 181 2553 ml
194 2522 270 2554 unum
282 2503 345 2551 idem
357 2504 470 2559 seruiunt,
483 2513 506 2551 ct
518 2503 534 2549 ii
546 2504 586 2564 qui
599 2504 627 2551 ml
640 2503 808 2565 rempublicam
821 2522 847 2551 so
858 2514 940 2553 contu·

56 2575 142 2628 icrunt,
154 2582 178 2620 et
189 2574 205 2621 ii
217 2573 258 2634 qui
270 2586 347 2620 rerum
360 2571 495 2629 cognitione
507 2570 659 2632 doctrinaque
671 2571 824 2627 delectantur,
837 2582 861 2619 et
872 2571 890 2619 ii
901 2572 939 2635 qui

57 2654 127 2689 suurn
140 2640 262 2699 negotium
275 2646 361 2699 gerunt
372 2638 453 2685 otiosi:
466 2645 591 2700 postremo,
600 2637 623 2692 ii,
632 2637 672 2698 qui
685 2654 709 2684 se
721 2646 782 2685 totos
794 2639 941 2687 tradiderunt

56 2703 223 2767 vobrptatibus,
242 2706 293 2752 sine
311 2703 415 2757 amicitia
436 2706 507 2753 vitam
525 2719 576 2750 esse
597 2704 687 2751 nuliam
707 2704 820 2762 semlant,
833 2705 853 2752 si
872 2706 941 2753 modo

56 2770 129 2820 velint
141 2773 221 2833 aliqua
231 2788 262 2819 ex
279 2779 343 2834 parto
361 2771 485 2819 liberaliter
497 2770 581 2818 vivere.
615 2770 694 2831 Serpit
705 2771 778 2827 cuim,
790 2772 872 2819 nest-Io
884 2788 942 2834 quo·

56 2837 134 2895 modo,
155 2856 197 2901 per
216 2840 324 2887 earnium
344 2837 404 2885 vitas
426 2838 544 2894 amicitia3
567 2852 613 2883 nec
634 2837 708 2884 ullam
730 2837 805 2885 aetatis
828 2839 941 2899 degendae

56 2904 171 2953 rationem
184 2906 271 2969 patitur
282 2922 333 2953 cese
342 2914 463 2968 expertem
475 2905 520 2952 sul.

89 2971 237 3030 Quinetiam,
249 2972 268 3021 si
280 2973 334 3035 quis
345 2988 373 3019 ea
385 2971 509 3033 asperitate
521 2978 564 3023 est,
576 2976 599 3016 et
616 2969 763 3017 immanitate
776 2979 873 3027 natura,
885 2988 941 3020 con-

56 3054 150 3098 gressus
168 3049 195 3089 ut
212 3041 337 3089 hominum
355 3039 431 3100 fugiat
448 3046 517 3100 atque
535 3036 609 3084 oderit
623 3035 729 3098 (qualem
746 3037 818 3084 fuisso
836 3039 941 3087 Athenis

56 3105 185 3156 'simonem
197 3109 360 3175 nescioquem
378 3105 512 3170 accepimus
521 3108 540 3171 ς)
560 3112 640 3152 tamen
658 3102 678 3149 ia
693 3102 742 3164 pati
758 3119 807 3150 non
820 3105 901 3165 possit,
913 3116 941 3154 ut

56 3189 105 3221 non
123 3177 233 3237 anquirat
250 3175 360 3237 aIIquem‚
372 3176 436 3238 apud
447 3190 518 3237 quem
535 3178 628 3219 evomat
646 3168 711 3216 virus
731 3169 864 3245 acerbitatis
884 3187 940 3220 sure.

57 3240 136 3304 Atque
148 3242 194 3292 hoc
211 3242 315 3292 maxime
328 3241 480 3306 judicaretur,
492 3238 580 3304 siquid
597 3239 643 3287 talo
661 3243 740 3302 posset
756 3242 944 3291 commearant

571 3356 653 3371 *-
