2054 3946
70 197 124 250 tao
388 190 437 235 De
463 189 641 236 orrrctrs.

65 298 180 355 suntad
196 300 323 373 gloriam,
340 300 436 356 omnia
453 299 565 375 justitia
579 297 708 354 conficit:
731 310 760 353 et
783 296 941 355 benevolen-

67 380 144 445 tiam,
160 379 236 448 quod
250 379 384 453 prodesse
400 379 460 435 vult
480 378 629 454 plurimis;
650 386 680 433 et
691 378 728 434 ob
742 384 875 433 eamdem
886 394 942 433 aaa·

65 476 136 521 sarn,
154 458 248 521 tidem,
272 470 299 513 ct
319 458 543 525 admirationem,
560 456 636 528 quod
658 475 707 513 eas
727 475 774 513 res
795 456 941 532 spernitet

66 538 194 611 negligit,
219 537 253 593 ad
276 557 345 608 quas
372 539 500 613 plerique
526 537 694 594 inflammati
719 536 855 592 aviditate
878 535 943 611 rapi·

65 631 162 673 untur.

105 698 148 752 Ac
163 715 226 751 nica
241 695 355 767 quidem
370 696 510 752 sententia
521 696 614 752 omnis
630 695 700 751 ratio
714 704 801 765 atque
813 692 943 751 institutio

67 776 130 832 vitm
151 775 314 850 adjumenta
335 776 481 831 hominum
504 774 661 831 desiderat:
683 775 715 831 in
735 774 905 848 primisque,
919 780 944 829 nt

31 920 37 931 ι
66 854 176 919 habeat,
188 857 357 926 quibuscum
374 856 465 928 possit
475 854 627 910 familiares
643 854 773 910 conferre
783 870 942 917 sermones:

67 933 142 1005 tqrrcd
158 950 201 990 est
222 935 347 999 difficile,
362 934 417 989 nisi
433 935 558 1008 speciem
581 952 638 1008 prm
660 944 686 988 te
709 932 776 989 boni
792 932 847 989 viri
867 931 943 989 seraa.

67 1014 145 1089 Ergo
161 1015 245 1069 ctiam
261 1014 387 1069 solitario
402 1012 522 1077 homini,
536 1024 619 1083 atque
634 1013 662 1068 in
678 1031 745 1087 agro
768 1012 856 1067 vitam
871 1028 945 1087 agen·

67 1094 98 1159 ti,
112 1093 210 1167 opinio
228 1094 345 1169 justitior
368 1092 528 1149 necessaria
543 1104 604 1148 est:
627 1110 718 1163 eoque
740 1092 827 1147 etiam
850 1090 945 1165 magis,

68 1172 220 1243 quoduam
236 1174 261 1228 si
277 1192 333 1228 non
343 1171 512 1235 habebunt*
529 1170 644 1248 [injusti
659 1171 841 1227 habebuntur
851 1168 877 1247 :]
891 1169 947 1227 nul·

67 1252 102 1308 lis
118 1252 258 1326 praesidiis
273 1251 357 1325 septi,
375 1250 470 1306 multis
485 1251 643 1307 afficientur
658 1251 781 1325 injuriis.

107 1333 201 1401 Atque
225 1333 260 1388 iis
283 1332 378 1396 etiam,
404 1330 454 1401 qui
481 1328 616 1396 rendunt,
643 1339 751 1396 emunt,
778 1326 947 1393 conducunt,

66 1410 169 1476 locant,
186 1408 441 1480 contrahendisque
456 1410 578 1485 negotiis
589 1409 779 1484 implicantur,
790 1409 905 1484 justitia
917 1407 950 1465 ad

67 1509 126 1547 rem
148 1490 299 1565 gerendam
322 1490 481 1545 neccssaria
495 1500 546 1545 est.
591 1488 683 1564 Cujus
705 1498 782 1545 tanta
795 1490 841 1544 vis
855 1498 908 1555 est,
922 1498 951 1545 ut

67 1588 103 1627 ne
118 1571 158 1626 illi
175 1569 300 1641 quidem,
317 1568 365 1639 qui
381 1568 519 1625 maleficio
535 1580 563 1624 et
577 1569 683 1625 scelere
705 1579 873 1642 pascuntur,
889 1584 952 1643 poe·

68 1651 125 1706 sint
138 1650 200 1705 sine
213 1648 416 1723 ullaparticula
425 1648 543 1723 justitiae
556 1650 660 1704 vivere.
703 1648 731 1703 N
735 1667 779 1703 am
794 1648 846 1719 qni
855 1666 951 1705 eorum

68 1729 202 1803 cuipiam,
219 1729 267 1799 qui
282 1746 338 1783 una
351 1727 561 1795 latrocinantur,
578 1728 684 1784 suratnr
706 1727 825 1798 aliquid,
842 1737 891 1784 aut
903 1726 952 1785 eri·

69 1809 128 1882 pit;
150 1809 174 1863 is
196 1809 307 1864 sibine
334 1808 362 1862 in
384 1807 531 1863 latrocinio
552 1806 668 1879 quidem
690 1807 828 1878 relinquit
849 1808 951 1865 locum.

70 1888 121 1943 llle
134 1898 237 1952 autern,
251 1887 299 1957 qui
315 1887 483 1960 archipirata
497 1887 607 1952 dicitnr,
619 1888 675 1943 nisi
690 1888 871 1958 aequabiliter
885 1904 952 1962 prat·

69 1966 134 2022 (lam
147 1966 301 2040 dispartiat,
312 1976 359 2021 aut
374 1966 555 2023 interficiatur
569 1987 585 2022 a
598 1967 696 2032 sociis,
705 1978 754 2023 aut
768 1968 950 2039 relinquatur.

71 2046 147 2110 Quin
169 2047 252 2101 ctiam
275 2046 351 2119 leges
374 2046 513 2102 latronum
537 2066 600 2102 esse
622 2046 764 2112 dicuntur,
779 2047 886 2117 quibus
907 2064 951 2121 pa

72 2135 158 2188 reant,
185 2144 255 2195 quas
290 2127 449 2181 observent.
505 2125 603 2196 ltaque
635 2137 751 2200 propter
785 2124 951 2197 aequabilem

72 2203 173 2280 prardae
190 2205 367 2278 partitionem
389 2214 417 2259 et
438 2204 596 2279 Bardyttst
617 2204 733 2279 Illyrius
749 2205 833 2271 latro,
847 2204 884 2262 de
898 2220 951 2276 qno

105 2310 263 2353 *Habebunt
298 2310 428 2357 Habebunt,
440 2311 486 2353 und
502 2311 660 2363 totmanno,
672 2312 731 2355 have
750 2312 785 2355 tor
803 2312 865 2357 their
881 2310 951 2356 nomi·

70 2363 167 2414 nativas,
180 2363 328 2416 understood,
338 2364 465 2407 solitarius
484 2364 557 2415 horno,
570 2365 608 2408 the
621 2378 676 2408 man
689 2366 743 2408 who
761 2366 821 2409 lives
837 2366 863 2409 in
882 2366 951 2409 seclu-

70 2417 130 2463 sion.
143 2416 190 2458 and
202 2416 277 2459 allam
295 2417 407 2469 rrgerrar'rr
419 2429 483 2470 agro,
495 2419 533 2460 thu
552 2431 606 2461 rnan
625 2419 727 2462 resident
746 2419 771 2462 in
789 2420 829 2463 the
847 2424 951 2473 country,

70 2471 113 2514 but
125 2470 178 2512 who
189 2481 242 2531 may
253 2470 298 2512 still
312 2470 360 2512 mir
374 2470 398 2512 in
411 2470 508 2525 society.

103 2522 251 2577 woronna
286 2523 402 2573 Plutarch,
414 2524 438 2566 in
451 2523 489 2566 the
501 2525 539 2566 life
557 2524 585 2568 of
598 2525 708 2578 Pyrrhus,
717 2524 765 2567 und
777 2523 896 2569 Diodorus
911 2524 952 2569 Sia.

73 2578 125 2633 (lib.
138 2576 197 2631 xvi.)
211 2575 263 2629 give
275 2579 298 2618 to
309 2576 355 2618 this
371 2588 501 2629 personage
520 2577 559 2620 the
577 2578 728 2632 appellatum,
739 2583 781 2621 not
796 2579 823 2621 of
836 2591 852 2622 a
867 2578 953 2632 rabbu,

71 2631 113 2674 but
124 2643 138 2673 a
150 2630 214 2681 king.
243 2628 463 2690 ⁸Thuuglrl’yrrhus
475 2632 575 2674 married
587 2632 622 2674 his
634 2630 754 2692 daughter,
765 2631 891 2685 Birccnna,
903 2644 952 2687 poa·

70 2684 131 2737 sibly
141 2683 182 2726 but
194 2686 206 2706 “
216 2681 266 2725 thm
281 2686 402 2735 partrtrons
417 2683 508 2726 divided
521 2684 585 2728 those
597 2685 733 2728 extremes”
745 2697 770 2727 1n
785 2684 825 2729 the
835 2686 953 2730 character

71 2737 100 2779 of
108 2736 221 2789 Barrtylis,
232 2747 257 2777 or
270 2735 392 2788 Bargulus,
406 2748 432 2778 as
449 2736 477 2778 he
496 2737 515 2779 is
535 2738 619 2781 named
633 2738 656 2780 in
669 2751 734 2780 some
752 2740 820 2783 MSS.
832 2740 881 2783 and
892 2740 953 2793 early

71 2790 178 2832 editions.
212 2790 234 2831 tt
253 2788 271 2830 is
290 2790 365 2835 under
382 2788 420 2832 thu
433 2790 500 2832 latter
512 2803 590 2842 nante,
603 2791 650 2834 und
662 2791 719 2833 with
732 2803 746 2833 a
757 2792 829 2846 slight
840 2792 953 2837 sanction

71 2844 99 2886 ot'
106 2843 231 2894 character,
243 2841 272 2884 hc
281 2841 301 2884 is
313 2843 450 2895 recognised
462 2843 492 2897 by
506 2856 548 2886 our
558 2845 676 2888 immortal
689 2845 757 2887 barda

203 2943 454 2957 ...........
474 2914 528 2957 Ttts·
539 2915 626 2958 villor'tt
637 2915 697 2966 bere,

203 2965 281 3018 Being
292 2966 387 3019 captato
399 2966 428 3021 of
435 2978 450 3009 a
459 2967 571 3020 procace,
582 2969 698 3012 torentem
709 2979 772 3012 nrore

206 3019 414 3073 TltanlBurgolus,
426 3020 463 3065 tte
472 3021 556 3075 strong
568 3020 667 3073 Ittqrimr
678 3023 761 3074 pirate.

574 3067 604 3117 2d
615 3078 648 3128 pt.
661 3077 723 3118 ch.
733 3075 764 3119 ri.
776 3079 816 3119 act
824 3078 846 3120 4.
857 3090 891 3122 sc.
904 3080 924 3122 l.

68 3141 97 3185 In
110 3139 149 3183 the
161 3140 211 3183 first
221 3138 321 3193 English
339 3142 478 3186 translation
491 3142 516 3185 ol
529 3144 626 3196 'lullq's
641 3144 734 3191 tratura,
743 3146 812 3189 made
826 3146 857 3199 by
870 3146 953 3191 Robert

65 3192 217 3250 terminon,
234 3196 301 3251 1533,
315 3197 354 3242 Dr.
368 3198 468 3243 Farmcr
480 3197 581 3240 intorma
597 3207 630 3239 us
642 3195 696 3238 that
707 3196 748 3236 the
760 3198 963 3249 presummat
