2054 3946
316 486 391 533 nra.
415 486 434 531 1.
468 485 724 531 curarant.
779 464 782 469 ’
921 491 959 546 87

72 595 148 653 ratio
162 592 293 652 habenda
306 605 350 652 est
363 595 393 652 in
408 594 559 670 deligendo
573 613 677 671 genera
691 596 766 662 vite,
782 592 833 651 sed
855 604 960 651 natura·

73 675 179 750 magis.
223 674 316 732 Multo
329 675 407 732 enim
428 684 457 731 et
470 675 578 732 firmior
599 685 652 741 est,
668 686 697 732 et
716 675 908 739 constantien
931 685 961 730 ut

73 753 188 810 fortuna
203 772 426 826 nonnumquam,
442 764 574 826 tauquam
591 755 654 829 ipsa
669 755 805 820 mortalis,
821 773 886 810 cum
909 753 961 808 irn-

71 834 188 890 mortali
201 843 300 889 natura
310 852 436 909 pugnare
448 833 604 891 videatur!
646 834 704 900 Qui
716 834 801 909 igitur
811 832 845 888 ad
856 843 960 889 naturae

74 912 960 988 suaenouvitiosaegenusconsiliumvivendiomuecontulerit‚

74 992 99 1048 ia
113 993 303 1049 constantiam
318 1002 411 1048 teneat
425 990 466 1070 (id
480 993 556 1048 enim
571 995 696 1049 maxime
711 991 804 1069 decet)
818 993 873 1048 nisi
888 991 960 1047 forte

74 1088 106 1127 se
120 1071 294 1128 intellexerit
314 1090 408 1128 erasse
425 1071 454 1128 in
469 1071 620 1147 deligendo
639 1090 742 1147 gauere
758 1072 832 1127 vitre.
876 1069 960 1136 Quod

73 1150 99 1205 ai
122 1150 260 1207 acciderit
283 1150 503 1226 (potestantem
530 1151 669 1228 accidere)
695 1149 824 1206 sacieuda
847 1169 960 1206 morum

73 1229 326 1301 institutorumque
352 1231 471 1286 mutatio
499 1241 552 1287 est.
607 1230 681 1286 Eam
709 1231 904 1294 mutationem,
934 1229 959 1284 si

73 1319 204 1383 tempora
225 1309 407 1384 adjuvabunt,
424 1308 535 1366 lucilius
556 1308 792 1380 commodiusque
811 1308 958 1364 iaciemus.

73 1387 126 1444 sia
148 1389 265 1455 miuus,
293 1389 401 1445 sensim
422 1390 476 1444 erit
498 1388 728 1464 pedetentimque
750 1387 898 1444 facienda:
930 1397 960 1443 ut

72 1469 224 1533 amicitias,
241 1486 303 1539 quae
319 1468 412 1524 minus
428 1468 568 1524 delectent
582 1478 610 1524 et
624 1469 786 1542 probentur,
803 1468 893 1541 magis
909 1466 956 1522 de-

72 1565 138 1604 cere
155 1557 274 1603 censent
294 1547 452 1623 sapientes‘r
466 1548 573 1604 sensim
588 1547 726 1613 dissuere,
742 1566 827 1617 quam
842 1556 958 1620 repente

71 1626 238 1701 praecidere.
282 1625 465 1683 Commutato
486 1637 580 1684 autem
600 1645 704 1702 genere
727 1627 800 1691 viter,
817 1625 895 1681 omui
917 1644 960 1681 ra·

71 1706 151 1762 tione
171 1705 326 1763 curandum
348 1716 401 1773 est,
422 1715 453 1762 ut
476 1705 506 1762 id
524 1708 599 1763 bono
617 1706 738 1762 consilio
760 1704 863 1760 secisse
883 1703 960 1760 vide·

71 1802 165 1840 amur.

113 1861 172 1919 Sed
187 1863 322 1934 quoniam
344 1863 429 1938 paulo
451 1872 515 1920 ante
531 1863 636 1920 dictum
653 1873 706 1929 est,
722 1861 874 1918 imitandos
895 1881 959 1918 esse

71 1942 208 2017 majores,
224 1942 347 2016 primurn
364 1942 433 1999 illud
454 1955 606 2019 exceptum
627 1943 674 2009 sit,
690 1961 725 1998 ue
741 1942 808 1997 vitia
823 1942 880 1997 sint
894 1942 956 1997 imi·

71 2020 185 2094 tandass
224 2021 348 2088 Deinde,
360 2023 385 2078 si
398 2033 495 2078 natura
508 2042 565 2079 non
577 2023 657 2089 seret,
671 2032 701 2078 ut
712 2020 841 2092 quaedam
854 2021 959 2078 imitari

70 2102 187 2176 possint
208 2098 251 2179 (ut
269 2101 425 2176 superioris
448 2101 573 2158 Africani
594 2103 681 2168 filine,
702 2101 751 2173 qui
772 2101 848 2157 hunc
868 2101 959 2158 Paulo

70 2189 171 2239 natum
193 2178 345 2255 adoptavit,
361 2191 477 2256 propter
497 2181 689 2237 infirmitatem
712 2180 879 2237 valetudinis
899 2200 957 2237 uon

71 2270 128 2316 tam
151 2260 243 2334 potuit
256 2260 342 2334 patris
358 2261 460 2317 similis
476 2280 549 2327 esse,
566 2279 651 2332 quam
667 2261 714 2316 ille
730 2260 821 2316 suerat
834 2258 911 2337 sui);
933 2260 959 2316 si

70 2339 158 2414 igitur
172 2358 229 2395 non
245 2339 350 2413 poterit
362 2340 423 2396 sive
436 2359 535 2396 causas
551 2339 730 2405 defensitare,
744 2341 803 2395 sive
817 2340 958 2415 populum

71 2418 258 2477 concionibus
275 2428 379 2484 tenere,
395 2419 455 2474 sive
470 2419 545 2476 bella
563 2437 678 2494 gerere3
701 2419 750 2475 illa
764 2429 857 2475 tamen
872 2435 957 2493 pras-

71 2507 130 2553 tare
149 2497 272 2562 debebit,
289 2516 350 2567 quae
372 2507 455 2554 erunt
475 2499 504 2554 iu
525 2499 617 2574 ipsius
638 2509 787 2573 potestate,
806 2499 957 2574 justitiam,

70 2575 169 2644 fidem,
198 2577 404 2642 liberalitatem,
435 2577 615 2643 modestiam,
644 2579 870 2652 temperantiam,
899 2595 956 2648 quo

71 2656 166 2713 miuus
179 2657 213 2712 ab
228 2675 263 2712 eo
277 2655 316 2722 id,
329 2655 406 2727 quod
420 2656 505 2724 desit,
520 2659 688 2728 requiratur.
730 2657 848 2731 Optima
862 2667 957 2712 autem
999 2704 1002 2710 .

70 2734 213 2792 hereditas
229 2735 384 2810 apatribus
406 2735 522 2793 traditur
543 2737 649 2802 tiberis,
666 2738 801 2808 omnique
824 2736 958 2812 patrimo·

369 2875 520 2920 CHAPTER
539 2875 655 2919 XXXIII.

103 2967 116 2994 *
130 2960 253 3005 Videntur.
285 2962 389 3006 Fortuue
404 2961 424 3004 is
441 2961 593 3058 represented
605 2974 630 3004 as
642 2961 703 3015 light
722 2961 769 3004 and
781 2960 900 3012 mutable3
917 2973 958 3009 na·

71 3018 122 3058 ture
135 3026 162 3057 as
173 3014 224 3057 lirm
236 3013 284 3057 and
294 3014 431 3058 consistent.
479 3015 491 3058 f
499 3014 612 3058 therefore
621 3026 669 3068 any
679 3017 770 3058 contest
782 3013 840 3056 arise
850 3013 957 3056 between

70 3068 143 3166 grem,
156 3067 174 3162 ilt
184 3079 247 3162 trnay
258 3066 287 3111 be
305 3069 432 3122 compared
448 3070 471 3110 to
489 3068 540 3111 that
551 3069 579 3111 ot'
593 3080 607 3110 a
619 3069 704 3111 mortal
715 3066 772 3110 with
784 3070 815 3110 an
832 3067 958 3110 immortal.

91 3131 208 3164 accroar.
764 3142 768 3153 ·

92 3173 118 3270 ΊῙ
135 3173 264 3227 Sapuates.
294 3172 373 3216 Cicero
384 3173 428 3216 has
439 3173 566 3218 elsewhere
577 3173 701 3218 attributed
711 3177 736 3215 to
744 3173 801 3215 Cato
813 3171 858 3215 this
869 3172 957 3216 advice.

69 3227 84 3252 ‘⁴
116 3226 168 3270 ales
185 3225 292 3269 amicitia
309 3231 366 3269 sunt
383 3227 518 3271 remissione
535 3240 593 3271 usus
610 3226 730 3278 eluendae,
754 3229 777 3269 et
794 3230 820 3269 nt
839 3227 954 3271 Catonem

67 3279 147 3323 dicere
161 3279 247 3330 audivi,
259 3279 392 3324 dissuendae
404 3280 479 3332 magis
491 3292 563 3334 qnam
575 3279 758 3322 discindeudra.‘’
795 3279 850 3322 Lael.
862 3281 899 3322 21.

103 3337 117 3384 ss
136 3332 332 3377 Ne-imitondo.
367 3332 427 3376 This
444 3333 463 3375 is
501 3333 596 3387 robably
609 3332 730 3381 intended,
747 3335 789 3375 not
802 3337 826 3374 to
845 3332 956 3376 dissuade

68 3387 132 3430 from
144 3385 184 3429 the
197 3384 313 3428 imitation
326 3385 354 3447 ol
365 3386 439 3429 moral
452 3346 637 3440 delinqucncies,
649 3384 691 3428 but
703 3386 731 3429 oi
738 3398 785 3439 any
799 3385 957 3439 peculiarities

68 3439 221 3537 zpueorpppsal
233 3438 321 3483 delecte
339 3450 365 3483 m
383 3439 449 3482 those
468 3451 568 3494 persons
580 3439 659 3482 whom
672 3451 708 3482 we
726 3444 825 3496 respect,
837 3439 884 3484 and
902 3439 956 3485 talto
